date;revenue;cogs;gross_profit;net_profit;cash;acc_rec;inventory;curr_assets;goodwill;intangible_assets;total_assets;acc_pay;short_term_debt;current_debt;curr_liab;long_term_debt;total_liab;cash_from_operating_activities;capex;shares
2003-06-30;134,382;-81,186;53,196;6,08;84,378;99,744;77,872;284,988;-;-;567,792;62,828;30,942;-;140,264;40,713;306,865;14192;-8239;242.86
2003-09-30;135,81;-76,013;59,797;1,78;79259;100,258;77,098;277,706;-;-;552,521;63,899;45687;-;156,943;11,448;290,393;21353;-10864;242.86
2003-12-31;146,645;-87,031;59,614;9,454;81,401;111,215;80,626;299,406;-;-;570,528;66,139;45,702;-;163,601;11,355;296,691;29337;-17941;242.86
2004-03-31;168,052;-100,605;67,447;9,908;95,059;124,891;70,341;316,226;-;-;592,273;79345;45480;-;184548;11,207;317563;15805;-1071;239.22
2004-06-30;147,93;-86,821;61,109;9,653;96,962;113,39;79,238;316,264;-;-;596,041;75,422;44,983;-;172,607;11,39;304,598;-32,84;20,442;239.22
2004-09-30;154,342;-88,163;66,179;6,979;77,487;113,867;82,34;300,493;-;-;571,242;79,188;14,553;10,209;163,633;828;270,968;22,892;-12,224;239.22
2004-12-31;147,335;-88,609;58,726;8,367;68,831;111,316;78,592;283,492;-;-;573,275;73,245;28,197;-;161,55;1,077;266,495;2,868;-9,945;239.22
2005-03-31;158,981;-95,224;63,757;5,441;80,619;121,652;68,585;295,94;-;-;585,429;75,866;12,424;10,503;162,988;1,832;279,619;24,627;-10,672;238.03
2005-06-30;138,474;-82,538;55,936;5,13;70,175;106,89;70,311;277,914;-;-;570,333;66,325;24,485;-;146,429;2,12;259,926;8,073;-5,906;238.03
2005-09-30;146,888;-101,557;45,331;12,819;55,606;106,259;77,673;265,765;-;-;548,301;69,526;1,675;290;130,377;1,237;194,166;15,202;-12,897;238.03
2005-12-31;157,393;-95,187;62,206;9,445;49,699;112,767;81,791;268,068;-;-;557,072;69,297;14,917;-;133,024;1,322;194,178;1,477;-10,701;238.03
2006-03-31;184,027;-110,086;73,941;9,72;52,285;136,348;74,958;292,313;-;-;589,061;85,224;2,468;296;155,66;1,049;226,124;26,947;-11,056;234.44
2006-06-30;152,963;-93,086;59,877;7,028;58,909;117,017;87,433;292,715;-;-;556,851;82,738;2,864;-;138,269;1,182;196,271;6,691;-8,739;234.44
2006-09-30;171,163;-105,469;65,694;9,67;46,554;147,101;100,089;325,27;-;-;610,426;100,084;29,869;329;194,624;1,837;253,149;4,195;-12,169;234.44
2006-12-31;186,655;-114,555;72,1;11,599;51,011;147,515;108,533;338,454;-;-;624,118;97,672;46,583;-;194,02;471;250,308;-667;-8,179;234.44
2007-03-31;213,085;-132,515;80,57;10,387;42,995;173,403;94,109;342,059;-;-;630,337;91,543;19,868;264;188,86;1,681;247,515;30,32;-15,602;230.52
2007-06-30;176,127;-111,903;64,224;6,935;44,633;157,704;101,621;335,61;-;-;631,764;89,249;19,169;-;170,75;1,42;227,215;14,087;-6,488;230.52
2007-09-30;189,983;-115,305;74,678;9,166;39,051;151,065;103,71;325,283;-;-;620,493;85,304;16,945;632;170,79;2,228;231,62;18,022;-13,446;230.52
2007-12-31;191,68;-118,053;73,627;10,205;38,44;157,333;110,28;335,95;-;-;634,638;91,146;20,343;-;171,126;1,819;234,89;8,618;-9,392;230.52
2008-03-31;205,195;-124,382;80,813;13,588;40,624;164,667;95,125;330,054;-;-;617,367;94,654;17,795;522;177,069;1,492;248,865;28,269;-8,522;221.68
2008-06-30;169,934;-108,951;60,983;3,3;42,884;146,895;105,899;329,486;-;-;622,889;90,061;24,116;665;169,056;1,709;239,17;12,775;-9,881;221.68
2008-09-30;184,736;-115,257;69,479;8,834;41,457;149,97;106,509;330,321;-;-;619,469;91,856;23,414;554;179,374;1,172;253,383;15,265;-9,902;221.68
2008-12-31;144,159;-95,101;49,058;-2,863;39,972;121,94;102,644;302,767;-;-;583,816;74,85;45,066;498;170,389;1,337;253,504;-4,535;-8,738;221.68
2009-03-31;128,361;-89,359;39,002;-37,909;46,631;110,989;84,708;275,991;-;-;538,28;58,179;32,97;488;135,038;21,401;239,869;7,903;-8,956;220.16
2009-06-30;106,923;-74,715;32,208;-7,156;51,062;97,832;79,283;257,409;-;-;529,313;52,686;36,317;471;131,092;21,177;230,365;9,046;-6,825;220.16
2009-09-30;125,448;-82,045;43,403;837;49,745;104,034;75,584;252,204;-;-;521,637;55,959;29,252;396;129,937;21,156;230,892;12,206;-6,157;220.16
2009-12-31;138,134;-87,509;50,625;6,444;52,428;111,579;82,283;273,82;-;-;535,525;63,745;30,423;400;135,7;21,355;236,436;5,091;-3,277;220.16
2010-03-31;154,189;-96,083;58,106;6,288;51,726;123,719;77,655;285,758;-;-;532,254;68,874;16,612;20,315;155,562;1,29;225,927;16,416;-4,533;220.09
2010-06-30;146,959;-90,866;56,093;7,062;55,985;113,193;80,324;280,357;-;-;518,79;69,056;19,736;20,286;152,575;903;220,555;10,398;-5,067;220.09
2010-09-30;150,946;-94,129;56,817;8,53;54,621;119,282;88,387;288,911;-;-;523,098;74,602;8,469;20,255;153,518;895;220,259;13,095;-3,564;220.09
2010-12-31;153,406;-94,88;58,526;8,24;54,809;125,617;95,343;304,021;-;-;536,858;78,67;14,316;20,226;160,324;890;225,396;2,927;-4,346;220.09
2011-03-31;166,514;-106,248;60,266;3,374;74,735;135,301;86,151;327,89;-;-;562,79;77,836;45,519;231;181,432;849;250,037;15,536;-8,67;220.13
2011-06-30;151,415;-93,557;57,858;7,551;64,041;120,891;90,798;306,348;-;-;538,38;73,36;30,363;-;153,466;-;221,078;13,336;-5,385;220.13
2011-09-30;151,843;-94,704;57,139;6,315;45,201;117,072;99,217;291,474;-;-;519,181;76,695;15,401;-;146,615;-;212,058;5,035;-7,383;220.13
2011-12-31;149,601;-95,335;54,266;-1,786;44,699;122,656;102,297;300,618;-;-;523,283;77,116;29,661;-;152,1;-;215,94;-5,388;-6,598;220.13
2012-03-31;166,602;-107,978;58,624;3,641;45,257;141,099;92,253;308,097;-;-;537,323;79,331;18,774;-;152,896;-;216,483;18,963;-8,136;220.13
2012-06-30;149,884;-95,081;54,803;4,614;50,721;122,386;91,306;294,201;-;-;517,839;69,202;23,73;-;140,345;-;202,46;12,583;-7,027;220.13
2012-09-30;154,332;-97,413;56,919;7,027;49,499;121,143;92,363;291,377;-;-;514,715;69,899;13,737;-;135,547;-;196,601;14,417;-7,041;220.13
2012-12-31;159,465;-100,236;59,229;7,433;54,726;138,686;101,461;324,947;-;-;559,473;77,084;19,73;-;151,32;-;211,573;4,932;-7,204;220.13
2013-03-31;186,78;-116,224;70,556;8,067;55,708;156,923;91,013;333,694;-;-;573,637;75,592;5,57;-;145,701;-;206,675;21,126;-9,111;220.09
2013-06-30;174,584;-108,916;65,668;8,713;67,756;149,48;99,529;348,202;-;-;591,153;78,568;9,43;-;145,412;-;204,759;17,833;-5,809;220.09
2013-09-30;185,142;-112,998;72,144;11,279;66,942;148,162;106,229;355,115;-;-;601,474;79,226;183;-;147,137;-;205,589;15,928;-7,766;220.09
2013-12-31;192,667;-116,654;76,013;10,852;79,966;158,679;114,75;388,833;-;-;645,315;81,129;9,136;-;161,155;-;218,591;14,808;-9,048;220.09
2014-03-31;220,573;-137,19;83,383;11,688;90,251;172,404;97,677;396,493;-;-;654,704;85,218;488;-;162,707;-;224,195;30,475;-9,595;217.25
2014-06-30;197,219;-118,946;78,273;14,985;101,957;158,599;102,798;397,063;-;-;643,041;82,029;30;-;147,113;-;205,386;21,457;-7,148;217.25
2014-09-30;207,235;-124,922;82,313;16,504;105,361;166,657;115,394;423,912;-;-;675,252;89,389;-;-;165,097;-;210,009;8,011;-7,879;217.25
2014-12-31;209,815;-126,522;83,293;14,393;83,132;171,604;131,643;428,056;-;-;703,797;91,38;147;-;165,83;-;214,599;13,158;-10,545;217.25
2015-03-31;232,983;-144,255;88,728;12,613;102,622;177,151;116,02;434,096;-;-;711,011;92,702;-;-;176,762;-;221,242;34,431;-11,551;213.81
2015-06-30;205,394;-126,109;79,285;12,096;103,07;165,072;122,368;430,177;-;-;711,528;86,877;-;-;154,579;-;200,015;15,492;-7,897;213.81
2015-09-30;208,066;-126,245;81,821;11,334;99,605;159,027;124,701;419,424;-;-;698,784;83,371;-;-;158,347;-;202,58;19,954;-10,952;213.81
2015-12-31;200,553;-124,3;76,253;8,746;58,591;153,929;128,435;378,364;32,38;-;683,612;80,066;-;-;146,009;-;192,035;12,189;-8,709;213.81
2016-03-31;219,591;-136,138;83,453;13,467;82,91;163,439;107,267;389,609;30,253;-;683,325;82,606;-;-;162,663;-;238,607;36,572;-10,345;213.80
2016-06-30;184,549;-113,704;70,845;9,088;82,775;138,679;104,051;363,036;27,849;-;636,885;75,722;-;-;138,678;-;212,123;13,956;-5,389;213.80
2016-09-30;187,043;-113,073;73,97;7,464;88,944;143,613;108,091;378,428;27,175;-;632,893;74,783;-;-;148,687;-;213,673;13,393;-5,472;213.80
2016-12-31;197,095;-117,941;79,154;14,3;100,792;159,785;123,564;418,542;31,634;-;687,54;87,498;-;-;155,668;-;221,663;17,187;-5,377;213.80
2017-03-31;225,514;-137,681;87,833;14,758;126,026;167,89;109,404;435,904;30,385;-;697,701;89,362;-;-;172,081;-;228,672;33,339;-9,578;210.60
2017-06-30;203,409;-119,295;84,114;15,676;130,542;151,687;114,644;416,041;30,065;-;695,528;80,827;-;-;148,14;-;205,048;15,428;-5,783;210.60
2017-09-30;207,118;-120,968;86,15;14,285;130,829;158,524;128,407;437,896;30,47;-;726,615;88,782;-;-;171,372;-;228,562;17,093;-7,494;210.60
2017-12-31;214,326;-123,737;90,589;16,214;106,66;161,962;143,501;433,95;41,574;-;742,676;89,822;-;-;164,924;-;221,64;13,786;-10,562;210.60
2018-03-31;235,129;-138,17;96,959;15,577;113,023;172,948;129,581;437,385;38,705;-;744,952;93,792;-;-;182,778;-;239,422;27,366;-14,703;205.31
2018-06-30;177,559;-97,548;80,011;13,113;109,32;154,718;137,699;417,72;40,78;-;725,889;83,089;-;-;155,975;-;212,102;18,113;-9,021;205.31
2018-09-30;175,402;-96,454;78,948;10,272;103,423;156,62;145,28;425,337;41,677;-;740,484;88,216;-;-;166,336;-;223,097;7,261;-9,202;205.31
2018-12-31;186,202;-102,809;83,393;10,864;95,816;154,805;146,796;422,71;40,594;-;732,983;88,961;-;-;161,674;-;219,188;18,901;-8,929;205.31
2019-03-31;193,418;-110,286;83,132;14,647;103,85;148,31;120,379;459,973;40,532;-;749,878;71,36;-;-;175,555;-;245,666;26,97;-11,893;201.94
2019-06-30;160,037;-88,512;71,525;8,3;102,8;121,651;124,582;443,639;39,49;-;752,396;64,406;-;-;164,901;-;231,22;17,159;-7,015;201.94
2019-09-30;170,192;-92,949;77,243;14,587;109,863;122,634;124,445;447,917;39,111;-;762,907;65,833;-;-;179,773;-;246,318;19,312;-8,821;201.94
2019-12-31;168,072;-91,687;76,385;11,272;208,137;125,175;125,523;485,185;39,914;-;800,255;70,892;-;-;165,022;-;229,441;24,941;-9,272;201.94
2020-03-31;179,679;-101,13;78,549;6,407;185,533;134,027;104,301;447,139;38,568;-;758,124;64,496;-;-;151,299;-;227,709;28,375;-12,521;201.67
2020-06-30;146,465;-80,086;66,379;9,744;195,885;105,98;109,726;434,586;38,131;-;742,613;59,809;-;-;128,964;-;204,04;27,504;-4,855;201.67
2020-09-30;154,811;-84,812;69,999;9,184;209,142;105,517;109,618;444,482;37,452;-;752,356;55,144;-;-;136,652;-;209,706;18,229;-5,968;201.67
2020-12-31;168,294;-90,724;77,57;14,75;211,442;115,798;108,527;455,506;37,036;-;767,212;58,05;-;-;134,065;-;205,54;16,878;-5,431;201.67
2021-03-31;185,959;-101,556;84,403;16,318;250,755;134,405;103,265;514,432;39,16;-;820,379;69,561;-;-;161,37;-;213,521;31,22;-10,408;199.19
2021-06-30;188,193;-100,833;87,36;20,559;266,098;129,882;104,676;528,736;39,691;-;834,534;70,512;-;-;151,232;-;201,263;22,215;-4,808;199.19
2021-09-30;181,158;-97,922;83,236;13,158;273,994;125,708;115,044;545,132;39,794;-;848,125;71,671;-;-;161,176;-;210,406;15,664;-6,995;199.19
2021-12-31;189,258;-103,472;85,786;12,875;235,241;131,691;133,132;532,144;37,363;-;841,646;80,996;-;-;163,327;-;210,127;9,433;-7,75;199.19
2022-03-31;204,318;-113,873;90,445;17,076;155,484;151,022;141,935;482,905;39,718;-;930,629;86,827;20;-;211,672;-;265,402;20,116;-13,804;200.88
2022-06-30;184,386;-103,939;80,447;8,765;128,413;137,69;163,755;472,653;44,081;-;933,561;86,111;-;-;176,942;-;227,867;-1,373;-6,801;200.88
2022-09-30;220,032;-119,047;100,985;19,808;123,917;145,129;183,18;490,618;46,435;-;969,489;98,649;-;-;201,722;-;250,85;20,427;-10,945;200.88
2022-12-31;233,559;-128,214;105,345;23,014;87,564;158,301;187,445;467,873;43,179;-;944,462;97,248;-;-;188,182;-;235,536;1,188;-10,237;200.88
2023-03-31;238,105;-130,999;107,106;21,879;105,279;179,205;173,926;486,892;43,125;-;998,16;92,855;213;-;210,02;-;269,687;33,214;-17,035;198.45
2023-06-30;203,351;-112,801;90,55;14,138;97,711;158,379;191,416;488,611;46,822;-;1,011,839;85,273;1,786;-;184,707;-;244,305;7,854;-9,215;198.45
2023-09-30;197,323;-115,836;81,487;3,605;107,715;151,572;190,058;490,73;48,5;-;1,010,785;80,283;1,207;-;190,415;-;249,525;17,878;-9,605;198.45
2023-12-31;207,311;-121,174;86,137;4,514;129,311;152,886;187,964;523,696;346,849;104,395;1,284,432;86,773;87,325;3,151;278,388;10,248;531,316;6,119;-11,958;198.45