date;revenue;cogs;gross_profit;net_profit;cash;acc_rec;inventory;curr_assets;goodwill;intangible_assets;total_assets;acc_pay;short_term_debt;current_debt;curr_liab;long_term_debt;total_liab;cash_from_operating_activities;capex;shares;real_date
2001-03-31;5,13;-4,761;369;93;581;2,156;2,693;6,042;-;-;14,155;1,707;986;20;3,496;3,71;7,928;117;-66;631;2001-04-25
2001-06-30;5,345;-4,983;362;56;676;2,416;2,632;6,15;-;-;14,34;1,795;876;382;3,867;3,351;8,008;472;-60;631;2001-07-25
2001-09-30;5,204;-4,798;406;132;528;2,751;2,851;6,568;-;-;14,592;2,015;660;395;4,017;3,383;8,155;209;-65;647;2001-10-25
2001-12-31;5,464;-4,957;507;150;879;2,489;3,273;7,08;-;-;15,195;2,451;749;427;4,599;3,36;8,734;655;-107;647;2002-02-14
2002-03-31;5,189;-4,799;390;117;911;2,63;3,39;7,358;-;-;15,318;2,422;691;441;4,637;3,369;8,824;336;-72;647;2002-04-25
2002-06-30;6,755;-6,375;380;112;526;2,846;3,255;7,326;224;-;15,379;2,331;967;306;4,556;3,111;8,625;104;-119;647;2002-07-25
2002-09-30;6,944;-6,524;420;109;1,102;3,226;3,577;8,35;308;-;16,889;2,839;1,639;303;6,003;3,355;10,154;72;-101;645;2002-10-25
2002-12-31;7,807;-7,316;491;131;1,063;3,542;4,24;9,332;301;-;17,869;3,232;1,663;306;6,333;3,849;11,026;-266;-102;645;2003-02-14
2003-03-31;7,909;-7,494;415;117;1,251;3,273;3,947;9,035;315;-;17,555;2,869;1,597;304;5,966;3,869;10,698;539;-122;645;2003-04-25
2003-06-30;8,048;-7,646;402;95;765;3,32;3,55;8,421;345;-;17,183;2,849;1,279;31;5,147;3,872;10,114;725;-112;645;2003-07-25
2003-09-30;7,968;-7,514;454;151;766;3,673;3,761;9,096;338;-;17,686;3,096;1,19;30;5,482;3,855;10,469;156;-109;645;2003-10-25
2003-12-31;9,189;-8,584;605;221;537;4,38;5,013;11,028;343;-;19,939;3,771;2,103;30;7,243;3,865;12,333;-632;-142;651;2004-02-14
2004-03-31;9,309;-8,722;587;226;805;4,943;5,294;12,148;338;-;21,112;3,712;2,799;30;8,036;3,858;13,228;-423;-115;651;2004-04-25
2004-06-30;9,686;-9,183;503;-103;540;4,041;4,592;10,339;337;-;19,369;3,238;1,771;161;6,751;3,74;11,671;932;-143;651;2004-07-25
2004-09-30;8,972;-8,309;663;266;507;4,339;3,734;9,853;338;-;18,893;3,591;958;199;6,139;3,69;10,99;999;-142;651;2004-10-25
2004-12-31;9,064;-8,395;669;313;334;4,199;4,203;10,084;344;-;19,375;3,89;733;79;5,794;3,695;10,845;344;-142;656;2005-02-14
2005-03-31;8,484;-7,909;575;269;662;3,991;3,967;10,045;345;-;18,982;3,652;270;183;5,461;3,575;10,409;701;-167;656;2005-04-25
2005-06-30;9,424;-8,899;525;195;522;4,102;3,907;9,71;325;-;18,598;3,399;426;223;5,367;3,53;10,165;82;-173;656;2005-07-25
2005-09-30;8,627;-8,044;583;187;1,155;4,309;4,159;10,819;345;-;19,853;3,643;481;169;5,858;4,072;11,202;405;-157;656;2005-10-25
2005-12-31;9,299;-8,516;783;368;824;4,225;4,363;11,034;324;-;20,099;3,947;399;190;5,982;4,025;11,233;339;-161;656;2006-02-14
2006-03-31;9,123;-8,352;771;348;918;4,487;4,456;11,333;319;-;20,546;3,916;624;61;6,158;4,028;11,371;156;-215;656;2006-04-25
2006-06-30;9,547;-8,718;829;410;1,113;4,471;4,678;11,827;322;-;21,269;4,014;549;80;6,164;4,05;11,462;476;-229;656;2006-07-25
2006-09-30;9,447;-8,581;866;402;958;4,775;5,004;12,379;322;-;21,972;4,115;715;87;6,416;4,013;11,682;78;-252;656;2006-10-25
2006-12-31;10,976;-10,068;908;442;823;5,979;6,287;15,194;320;-;25,046;5,175;1,746;66;8,982;4,011;14,273;-374;-309;656;2007-02-14
2007-03-31;11,381;-10,635;746;363;897;5,805;6,603;15,243;320;-;25,351;4,872;1,143;72;8,302;5,157;14,672;262;-284;656;2007-04-25
2007-06-30;12,214;-11,496;718;955;663;6,404;6,06;15,122;317;-;25,118;4,919;468;65;7,868;4,752;13,865;337;-354;656;2007-07-25
2007-09-30;12,828;-11,898;930;440;1,121;8,428;7,747;19,018;319;-;29,392;5,512;2,523;67;11,526;4,733;17,572;-1,21;-359;656;2007-10-25
2007-12-31;16,496;-15,548;948;473;1,105;10,026;9,517;22,66;323;-;33,49;6,156;4,536;59;14,561;5,233;21,166;-1,716;-537;656;2008-02-14
2008-03-31;18,708;-17,551;1,157;516;1,206;10,447;10,569;25,229;329;-;36,513;6,936;4,916;54;15,885;6,026;23,351;-241;-416;646;2008-04-25
2008-06-30;21,784;-20,977;807;372;810;11,483;10,16;25,455;506;-;37,056;6,544;3,123;232;14,621;7,69;23,566;-37;-467;646;2008-07-25
2008-09-30;21,16;-19,293;1,867;1,046;2,532;8,884;8,333;23,074;501;-;34,707;7,189;707;44;12,101;7,754;21,174;4,68;-483;646;2008-10-25
2008-12-31;16,673;-15,461;1,212;579;2,248;8,673;7,681;22,104;501;-;33,901;6,762;568;44;11,101;7,751;20,207;1,185;-586;646;2009-02-14
2009-03-31;14,842;-14,193;649;3;2,188;7,236;7,84;20,314;493;-;31,975;6,45;255;43;9,411;7,751;18,548;-14;-393;644;2009-04-25
2009-06-30;16,532;-16,171;361;60;1,055;7,311;7,782;19,408;532;-;31,582;5,786;356;48;8,885;7,592;17,955;-510;-436;644;2009-07-25
2009-09-30;14,921;-13,948;973;497;2,39;6,6;7,139;19,155;531;-;31,861;5,812;254;50;8,547;7,573;17,654;1,992;-497;644;2009-10-25
2009-12-31;15,913;-14,86;1,053;561;1,317;7,075;9,126;20,388;524;-;33,529;6,832;221;246;9,6;7,398;18,764;-612;-442;644;2010-02-14
2010-03-31;15,145;-14,254;891;416;1,659;5,876;8,219;19,2;519;-;32,326;6,406;266;245;9,236;6,91;17,582;1,395;-291;644;2010-04-25
2010-06-30;15,703;-14,777;926;445;1,046;6,122;7,871;18,394;523;-;31,808;5,538;374;344;8,833;6,83;17,199;-91;-377;644;2010-07-25
2010-09-30;16,799;-15,991;808;342;862;8,174;9,024;22,086;531;-;36,036;7,025;1,721;348;12,235;6,834;20,668;-871;-335;644;2010-10-25
2010-12-31;20,93;-19,696;1,234;729;526;10,625;12,654;28,357;587;-;42,61;8,141;5,632;205;18,063;6,848;26,724;-3,212;-310;644;2011-02-14
2011-03-31;20,077;-18,917;1,16;568;858;10,428;13,409;29,252;594;-;43,763;7,703;5,732;176;16,863;8,35;27,111;-666;-268;654;2011-04-25
2011-06-30;22,87;-21,772;1,098;379;615;4,808;12,055;27,504;602;-;42,352;2,581;1,875;178;13,218;8,266;23,544;2,409;-334;654;2011-07-25
2011-09-30;21,902;-20,868;1,034;461;1,32;10,336;11,122;27,279;607;-;41,448;7,371;1,17;1,649;14,479;6,678;23,065;2,087;-443;654;2011-10-25
2011-12-31;23,306;-22,493;813;83;864;5,093;12,415;27,224;591;-;41,516;4,136;834;1,602;14,829;6,762;23,539;954;-409;654;2012-02-14
2012-03-31;21,155;-20,147;1,008;405;818;3,078;13,232;27,215;596;-;41,858;3,122;1,987;1,8;14,794;6,543;23,505;-783;-341;666;2012-04-25
2012-06-30;22,675;-21,862;813;293;1,291;3,439;12,192;26,954;603;-;41,771;2,474;2,108;1,677;14,626;6,535;23,802;637;-284;666;2012-07-25
2012-09-30;21,808;-21,002;806;184;1,235;3,003;13,699;30,154;541;-;44,76;3,674;3,678;268;17,562;6,547;26,523;483;-252;666;2012-10-25
2012-12-31;24,921;-23,925;996;510;1,714;3,45;13,836;29,762;551;208;45,136;4,787;2,816;268;16,993;6,456;26,216;1,995;-363;666;2013-02-14
2013-03-31;21,727;-20,971;756;270;1,448;3,553;12,408;27,865;544;-;43,226;3,474;2,358;1,131;16,142;5,374;24,273;-2,121;367;661;2013-04-25
2013-06-30;22,541;-21,734;807;226;1,848;3,52;10,194;25,036;545;-;40,238;2,971;1,016;1,142;13,123;5,366;21,248;1,991;-194;661;2013-07-25
2013-09-30;21,393;-20,237;1,156;481;3,252;3,447;9,278;26,09;552;-;41,448;2,942;364;1,156;13,753;5,364;21,91;2,521;-217;661;2013-10-25
2013-12-31;24,143;-22,973;1,17;377;3,121;3,224;11,441;28,53;364;197;43,752;4,513;358;1,165;15,658;5,347;23,596;357;-254;661;2014-02-14
2014-03-31;20,696;-20,021;675;268;1,083;2,779;11,394;26,226;-;758;41,444;3,653;300;20;13,456;5,353;21,421;-358;-188;653;2014-04-25
2014-06-30;21,494;-20,322;1,172;532;1,63;4,089;9,024;24,658;-;753;39,93;2,904;233;20;11,891;5,369;19,746;1,341;-210;653;2014-07-25
2014-09-30;18,117;-16,647;1,47;748;4,539;2,121;8,034;26,639;-;732;41,821;3,134;177;18;13,751;5,346;21,595;3,441;-207;653;2014-10-25
2014-12-31;20,894;-19,443;1,451;705;1,099;2,704;9,374;26,028;-;3,283;43,997;4,326;108;24;15,602;5,528;24,422;538;-289;653;2015-02-14
2015-03-31;17,506;-16,404;1,102;493;890;2,036;8,372;23,896;-;3,124;41,715;3,142;848;18;14,235;5,575;22,991;45;-244;621;2015-04-25
2015-06-30;17,186;-16,222;964;383;867;2,224;7,845;22,588;-;3,256;40,568;3,017;157;801;12,859;5,965;22,024;362;-296;621;2015-07-25
2015-09-30;16,565;-15,476;1,089;253;720;2,132;7,428;23,045;-;3,213;40,877;3,072;939;14;14,13;5,829;23,014;691;-279;621;2015-10-25
2015-12-31;16,445;-15,58;865;717;910;1,738;8,243;21,829;2,185;1,503;40,157;3,474;86;12;13,505;5,779;22,258;1,372;-306;621;2016-02-14
2016-03-31;14,384;-13,603;781;230;706;1,965;7,914;20,97;-;3,889;39,681;2,969;783;12;12,867;5,851;21,782;23;-180;591;2016-04-25
2016-06-30;15,629;-14,892;737;288;334;2,257;8;20,867;-;3,865;40,098;2,77;1,554;271;13,778;5,561;22,443;-389;-216;591;2016-07-25
2016-09-30;15,832;-14,742;1,09;344;701;2,253;7,228;20,543;-;3,852;39,853;2,927;207;272;12,737;6,594;22,315;1,662;-225;591;2016-10-25
2016-12-31;16,501;-15,491;1,01;426;619;1,905;8,831;21,045;2,246;1,457;39,769;3,606;154;273;13,173;6,504;22,596;-7,804;-261;591;2017-02-14
2017-03-31;14,988;-14,12;868;340;476;1,757;8,664;20,486;-;3,78;39,63;3,415;420;831;13,602;5,956;22,509;-1,489;-200;572;2017-04-25
2017-06-30;14,943;-14,056;887;275;433;1,717;7,846;18,201;-;3,866;37,817;2,926;353;571;11,421;6,056;20,406;-591;-252;572;2017-07-25
2017-09-30;14,827;-14,015;812;195;518;1,911;8,326;19,14;-;3,939;38,969;3,449;728;13;11,873;6,595;21,399;4,235;-244;572;2017-10-25
2017-12-31;16,07;-15,119;951;413;804;1,947;9,173;19,925;2,374;1,544;39,963;3,894;857;13;12,57;6,623;21,65;-8,121;-353;572;2018-02-14
2018-03-31;15,526;-14,637;889;382;797;2,147;9,82;20,906;-;3,97;41,1;3,34;2,33;13;11,489;6,657;22,368;-3,574;-196;567;2018-04-25
2018-06-30;17,068;-15,887;1,181;573;851;1,9;7,953;18,647;-;3,834;38,755;2,609;1,047;595;10,216;5,981;20,045;395;-183;567;2018-07-25
2018-09-30;15,8;-14,742;1,058;539;915;1,934;8,483;19,465;-;4,065;39,664;3,082;532;590;10,349;6,73;20,677;-501;-176;567;2018-10-25
2018-12-31;15,947;-14,894;1,053;288;1,997;2,233;8,813;20,588;2,496;1,545;40,833;3,545;108;582;9,961;7,698;21,852;-1,104;-287;567;2019-02-14
2019-03-31;15,304;-14,376;928;251;926;2,515;8,946;20,262;-;5,459;43,151;3,538;1,595;614;12,003;7,675;24,256;-2,035;-198;565;2019-04-25
2019-06-30;16,297;-15,325;972;219;849;2,433;8,294;19,548;-;5,545;42,616;3,067;1,699;12;11,142;7,701;23,661;-678;-185;565;2019-07-25
2019-09-30;16,726;-15,648;1,078;403;932;2,241;8,075;19,178;-;5,401;41,804;2,973;1,242;15;10,706;7,631;22,931;-926;-183;565;2019-10-25
2019-12-31;16,329;-15,16;1,169;545;852;2,267;9,17;21,347;3,385;2,091;43,997;3,746;1,202;7;12,03;7,672;24,789;-1,813;-262;565;2020-02-14
2020-03-31;14,97;-14,019;951;384;4,734;2,437;8,83;26,146;-;5,194;48,395;3,44;3,382;508;15,784;8,613;29,443;-655;-194;563;2020-04-25
2020-06-30;16,281;-15,173;1,108;471;1,203;2,583;7,626;22,011;-;5,212;44,341;2,897;531;10;11,465;8,632;25,048;219;-166;563;2020-07-25
2020-09-30;15,126;-14,084;1,042;226;948;2,616;8,762;22,766;-;5,275;44,795;3,347;209;2;12,721;7,922;25,473;-1,08;-198;563;2020-10-25
2020-12-31;17,978;-16,626;1,352;693;666;2,793;11,713;27,286;-;5,413;49,719;4,474;2,042;2;17,013;7,885;29,719;-870;-265;563;2021-02-14
2021-03-31;18,893;-17,345;1,548;693;694;3,269;12,764;29,284;-;5,249;51,478;4,011;2,763;-;17,362;8,437;30,637;298;-174;560;2021-04-25
2021-06-30;22,926;-21,463;1,463;711;869;3,478;11,446;28,504;-;5,266;50,958;3,441;1,289;-;15,999;8,432;29,376;2,709;-253;560;2021-07-25
2021-09-30;20,34;-19,014;1,326;530;1,083;3,797;11,169;29,29;-;5,705;52,298;4,617;314;581;17,417;8,039;30,329;2,846;-287;560;2021-10-25
2021-12-31;23,09;-21,44;1,65;797;943;3,311;14,481;31,909;-;6,747;56,136;6,388;958;570;20,434;8,011;33,659;742;-455;560;2022-02-14
2022-03-31;23,65;-21,753;1,897;1,064;1,079;4,235;17,29;40,453;-;6,75;64,866;6,135;3,777;543;27,094;8,752;41,144;-1,206;-217;547;2022-04-25
2022-06-30;27,284;-25,184;2,1;1,24;906;5,336;14,485;37,647;-;6,547;61,828;5,601;2,352;1,104;24,225;8,062;37,435;531;-283;547;2022-07-25
2022-09-30;24,683;-22,872;1,811;1,037;1,099;4,679;13,282;34,569;-;6,364;58,304;6,543;181;888;21,404;7,671;34,307;4,023;-341;547;2022-10-25
2022-12-31;25,939;-24,177;1,762;1,024;1,037;4,926;14,771;35,41;-;6,544;59,774;7,803;503;942;22,715;7,735;35,49;130;-478;547;2023-02-14
2023-03-31;24,072;-21,992;2,08;1,172;899;4,471;14,771;34,325;-;6,583;58,802;6,271;1,809;952;21,408;7,745;33,942;-1,61;-327;533;2023-04-25
2023-06-30;25,19;-23,307;1,883;928;1,426;4,11;11,902;30,686;-;6,542;55,499;5,079;125;301;17,473;8,244;30,56;2,509;-287;533;2023-07-25
2023-09-30;21,695;-19,885;1,81;824;1,498;4,443;11,224;30,522;-;6,392;55,093;5,252;116;1;16,63;8,224;29,865;992;-441;533;2023-10-25
2023-12-31;22,978;-21,298;1,68;823;1,368;4,232;11,957;29,767;-;6,341;54,631;6,313;105;1;18,662;8,259;30,166;2,569;-439;509.85;2024-03-08
2024-03-31;21,847;-20,188;1,659;719;830;4,178;11,634;29,006;-;7,051;54,831;5,599;1,734;1;19,73;8,245;31,292;700;-328;494.44;2024-04-29
2024-06-30;22,248;-20,852;1,396;481;764;4,382;10,443;26,962;-;6,97;52,698;5,035;2,312;1;18,684;8,247;30,237;468;-362;493;2024-07-29
2024-09-30;19,937;-18,572;1,365;18;784;3,77;10,746;26,626;-;6,999;52,199;4,911;1,733;725;19,003;7,578;29,932;1300;-381;483;2024-11-18
2024-12-31;21,498;-20,14;1,358;561;611;3,708;11,572;27,718;-;6,769;53,271;5,535;1,903;324;19,938;7,58;30,84;322;-491;493;2025-02-20