date;revenue;cogs;gross_profit;net_profit;cash;acc_rec;inventory;curr_assets;goodwill;intangible_assets;total_assets;acc_pay;short_term_debt;current_debt;curr_liab;long_term_debt;total_liab;cash_from_operating_activities;capex;shares;real_date
1994-03-31;242;-185;57;11;39;166;140;362;33;-;1,113;76;-;14;150;390;705;10;-13;133.6;1994-05-05
1994-06-30;270;-204;66;15;36;176;142;369;33;-;1,129;76;-;15;161;271;603;41;-16;133.6;1994-08-04
1994-09-30;283;-220;63;20;60;178;147;406;33;-;1,163;79;4;15;183;256;617;45;-18;133.6;1994-11-04
1994-12-31;287;-227;60;6;32;182;157;390;31;-;1,139;99;-;15;177;242;594;15;-24;133.6;1995-02-19
1995-03-31;313;-246;67;15;31;198;170;419;32;-;1,199;113;-;23;202;237;628;33;-22;132.7;1995-05-05
1995-06-30;320;-255;65;13;34;212;165;431;89;-;1,221;107;-;21;194;253;638;23;-30;132.7;1995-08-04
1995-09-30;315;-242;73;22;47;216;169;454;111;-;1,245;108;-;22;214;253;646;29;-29;132.7;1995-11-04
1995-12-31;296;-225;71;29;33;198;178;429;29;-;1,204;103;-;17;194;200;582;31;-31;132.7;1996-02-19
1996-03-31;270;-196;74;116;330;157;86;595;27;-;1,165;79;-;-;252;9;434;17;-23;117.68;1996-05-05
1996-06-30;196;-139;57;15;44;153;90;306;25;-;874;67;-;-;178;13;360;-22;-17;117.68;1996-08-04
1996-09-30;184;-139;45;8;39;138;74;270;24;-;846;54;-;8;157;30;353;23;-25;117.68;1996-11-04
1996-12-31;205;-137;68;18;14;141;84;258;23;-;846;67;-;7;148;24;341;10;-26;117.68;1997-02-19
1997-03-31;198;-132;66;20;3;146;92;259;20;-;842;61;-;-;135;35;332;16;-27;116.7;1997-05-05
1997-06-30;208;-140;68;20;4;149;91;260;19;-;850;55;-;-;121;38;322;24;-25;116.7;1997-08-04
1997-09-30;207;-144;63;19;10;150;95;272;18;-;864;53;-;-;125;38;324;28;-21;116.7;1997-11-04
1997-12-31;217;-152;64;21;34;154;90;296;18;-;888;51;-;-;113;91;371;29;-12;116.7;1998-02-19
1998-03-31;215;-147;68;23;42;147;99;307;17;-;902;56;-;-;129;89;387;53;-18;110.32;1998-05-05
1998-06-30;204;-138;66;22;43;132;109;302;17;-;900;49;-;-;119;83;375;35;-17;110.32;1998-08-04
1998-09-30;196;-139;58;18;29;131;116;295;17;-;904;46;-;1;118;177;472;32;-22;110.32;1998-11-04
1998-12-31;205;-136;69;23;21;145;127;311;21;-;938;45;-;-;107;193;486;19;-19;110.32;1999-02-19
1999-03-31;208;-137;71;23;38;131;127;315;19;-;1,083;50;-;-;123;309;616;63;-22;103.1;1999-05-05
1999-06-30;201;-143;57;25;36;134;124;310;18;-;937;56;-;1;126;156;461;25;-25;103.1;1999-08-04
1999-09-30;212;-153;60;17;46;141;117;322;18;-;949;58;-;1;138;146;461;48;-15;103.1;1999-11-04
1999-12-31;225;-148;76;24;49;155;111;333;18;-;954;61;-;1;132;159;464;28;-16;103.1;2000-02-19
2000-03-31;236;-161;75;29;21;158;106;299;17;-;914;58;-;1;127;114;411;42;-14;91.76;2000-05-05
2000-06-30;226;-160;66;34;18;160;110;300;16;-;969;62;-;-;124;134;437;34;-14;91.76;2000-08-04
2000-09-30;237;-168;69;24;19;177;104;313;15;-;977;69;-;-;142;111;430;44;-12;91.76;2000-11-04
2000-12-31;219;-157;62;16;19;174;107;314;22;-;982;72;-;-;142;98;423;35;-12;91.76;2001-02-19
2001-03-31;224;-165;59;23;15;167;112;307;21;-;972;66;-;-;139;87;406;31;-15;91.52;2001-05-05
2001-06-30;211;-163;49;15;8;149;120;290;20;-;999;62;-;-;134;109;421;37;-14;91.52;2001-08-04
2001-09-30;242;-185;57;17;34;185;174;411;33;-;1,166;69;-;172;341;12;572;34;-9;91.52;2001-11-04
2001-12-31;239;-183;57;14;31;175;160;384;27;5;1,138;64;-;158;304;12;545;42;-12;91.52;2002-02-19
2002-03-31;232;-176;56;17;29;172;166;384;27;5;1,131;66;-;227;378;12;619;36;-8;84.2;2002-05-05
2002-06-30;253;-195;58;21;33;190;163;403;29;6;1,162;71;-;199;362;12;621;45;-11;84.2;2002-08-04
2002-09-30;272;-207;65;20;36;188;159;404;29;6;1,155;74;-;-;175;178;600;47;-9;84.2;2002-11-04
2002-12-31;252;-198;54;15;48;194;162;422;28;8;1,2;75;-;-;164;190;626;17;-11;84.2;2003-02-19
2003-03-31;267;-208;59;24;40;191;163;424;30;31;1,226;82;-;-;182;184;656;49;-9;85;2003-05-05
2003-06-30;272;-212;60;24;50;193;174;444;31;29;1,249;86;-;-;182;175;655;37;-10;85;2003-08-04
2003-09-30;277;-221;56;10;21;213;186;450;41;72;1,326;95;-;-;200;226;723;23;-11;85;2003-11-04
2003-12-31;295;-231;64;17;35;202;205;481;37;82;1,387;111;-;-;210;228;751;42;-11;85;2004-02-19
2004-03-31;322;-261;61;14;51;234;186;488;37;84;1,385;108;-;-;217;217;745;45;-8;86.16;2004-05-05
2004-06-30;327;-260;67;23;39;239;192;484;36;84;1,381;118;-;-;237;176;726;41;-11;86.16;2004-08-04
2004-09-30;414;-324;90;2;61;374;289;740;141;220;2,429;191;-;495;817;458;1,766;45;-18;86.16;2004-11-04
2004-12-31;451;-355;96;21;46;300;339;748;190;214;2,443;202;-;45;373;900;1,731;61;-20;86.16;2005-02-19
2005-03-31;510;-403;107;26;74;338;370;843;235;173;2,503;204;-;45;391;820;1,632;-2;-19;96.12;2005-05-05
2005-06-30;503;-398;105;33;98;310;397;858;269;166;2,526;184;-;45;401;839;1,634;44;-17;96.12;2005-08-04
2005-09-30;507;-407;100;28;48;320;432;856;248;162;2,562;198;-;59;431;821;1,654;53;-14;96.12;2005-11-04
2005-12-31;588;-477;111;35;59;352;411;874;238;156;2,556;222;-;58;423;776;1,625;75;-19;96.12;2006-02-19
2006-03-31;607;-485;123;32;67;377;404;900;244;154;2,582;209;-;52;398;776;1,61;37;-21;97.14;2006-05-05
2006-06-30;569;-437;131;33;99;373;416;934;251;154;2,642;212;-;52;420;748;1,612;95;-28;97.14;2006-08-04
2006-09-30;608;-460;148;3;90;385;386;933;243;153;2,613;209;-;52;417;733;1,583;84;-24;97.14;2006-11-04
2006-12-31;585;-436;149;63;149;334;378;960;251;152;2,53;202;-;51;483;682;1,502;160;-27;97.14;2007-02-19
2007-03-31;589;-429;160;57;125;351;391;982;253;149;2,61;200;-;7;368;735;1,526;7;-26;97.2;2007-05-05
2007-06-30;564;-410;153;50;200;347;410;1,028;248;146;2,665;177;-;18;353;777;1,553;78;-24;97.21;2007-08-04
2007-09-30;584;-431;153;58;101;366;446;1,011;263;173;2,725;182;-;19;401;680;1,509;65;-21;97.21;2007-11-04
2007-12-31;599;-443;156;59;131;371;473;1,065;270;171;2,841;199;-;17;414;707;1,563;96;-27;97.21;2008-02-19
2008-03-31;668;-501;167;60;135;420;502;1,143;288;172;2,975;223;-;19;408;861;1,726;19;-20;92.53;2008-05-05
2008-06-30;621;-458;163;58;168;380;559;1,203;296;181;3,069;215;-;21;430;854;1,76;76;-20;92.53;2008-08-04
2008-09-30;661;-506;154;54;207;395;521;1,214;287;175;3,022;192;-;25;378;944;1,768;67;-23;92.53;2008-11-04
2008-12-31;518;-395;123;17;253;281;539;1,179;279;167;2,873;224;-;26;438;906;1,807;165;-36;92.53;2009-02-19
2009-03-31;487;-396;91;21;184;279;440;1,002;264;159;2,685;158;-;26;322;892;1,672;-4;-33;91.31;2009-05-05
2009-06-30;445;-336;110;34;172;273;386;913;288;156;2,661;126;-;27;292;821;1,549;111;-27;91.31;2009-08-04
2009-09-30;515;-381;134;52;260;294;364;1,002;297;154;2,78;161;-;28;343;793;1,583;152;-23;91.31;2009-11-04
2009-12-31;558;-409;149;61;309;294;348;1,033;293;151;2,772;170;-;36;352;776;1,566;99;-17;91.31;2010-02-19
2010-03-31;580;-416;164;55;267;374;334;1,063;279;143;2,757;186;-;8;351;797;1,557;18;-16;91.63;2010-05-05
2010-06-30;593;-404;188;76;324;358;325;1,081;261;137;2,731;163;-;9;318;785;1,534;116;-18;91.63;2010-08-04
2010-09-30;585;-388;197;88;425;339;373;1,212;278;139;2,937;170;-;10;348;756;1,554;142;-16;91.63;2010-11-04
2010-12-31;605;-409;197;81;530;341;389;1,349;272;135;3,068;175;-;9;364;852;1,652;56;-26;91.63;2011-02-19
2011-03-31;697;-464;233;101;441;402;403;1,347;287;135;3,14;211;-;9;382;759;1,544;47;-32;88.83;2011-05-05
2011-06-30;742;-490;252;109;491;420;443;1,455;295;138;3,292;205;-;13;394;759;1,566;100;-36;88.83;2011-08-04
2011-09-30;723;-465;258;114;481;394;475;1,449;281;134;3,269;193;-;13;403;878;1,681;139;-60;88.83;2011-11-04
2011-12-31;707;-473;234;97;469;355;431;1,354;273;130;3,204;184;-;14;400;749;1,613;202;-64;88.83;2012-02-19
2012-03-31;712;-461;251;110;519;387;461;1,47;279;128;3,363;224;-;14;432;742;1,641;124;-55;88.83;2012-05-05
2012-06-30;685;-436;249;41;462;379;500;1,452;266;97;3,303;195;-;13;414;742;1,597;61;-72;88.83;2012-08-04
2012-09-30;661;-444;218;107;403;379;492;1,387;272;96;3,363;167;-;13;383;701;1,554;122;-92;88.83;2012-11-04
2012-12-31;461;-281;181;30;478;379;428;1,407;277;94;3,437;173;-;13;386;687;1,604;182;-62;88.83;2013-02-19
2013-03-31;587;-391;196;77;435;408;433;1,404;270;92;3,45;207;-;9;433;687;1,652;99;-55;79.49;2013-05-05
2013-06-30;577;-385;192;79;315;408;452;1,282;273;91;3,336;179;-;9;375;1,068;1,983;80;-48;79.49;2013-08-04
2013-09-30;591;-382;210;92;401;409;486;1,395;280;90;3,47;193;-;20;411;1,06;2,003;139;-32;79.49;2013-11-04
2013-12-31;640;-386;253;156;477;447;436;1,483;284;88;3,585;194;-;25;437;1,054;1,957;115;-20;79.49;2014-02-19
2014-03-31;600;-404;196;57;524;428;420;1,477;283;86;3,559;183;-;18;423;1,053;1,954;149;-24;112.15;2014-05-05
2014-06-30;605;-397;207;79;515;407;371;1,526;265;43;3,455;185;-;378;816;686;1,952;146;-23;112.15;2014-08-04
2014-09-30;642;-437;205;79;653;383;368;1,509;252;46;3,393;206;-;368;812;684;1,937;135;-30;112.15;2014-11-04
2014-12-31;599;-436;163;-21;2,49;385;358;3,348;243;44;5,223;232;-;711;1,14;2,223;3,864;62;-34;112.15;2015-02-19
2015-03-31;692;-501;191;40;261;627;620;1,686;2,71;1,948;9,795;341;-;472;1,457;3,541;6,685;46;-57;112.25;2015-05-05
2015-06-30;718;-506;212;44;207;638;602;1,654;2,77;1,939;9,771;342;-;428;1,367;3,562;6,592;87;-55;112.25;2015-08-04
2015-09-30;693;-474;219;54;234;618;629;1,72;2,811;1,897;9,675;372;-;284;1,323;3,559;6,531;184;-53;112.25;2015-11-04
2015-12-31;723;-485;238;161;214;398;440;1,832;1,461;384;9,598;240;-;675;1,617;3,142;6,344;44;-63;112.25;2016-02-19
2016-03-31;657;-415;243;202;252;566;531;1,615;2,931;1,731;9,439;304;-;485;1,226;3,105;5,899;173;-58;112.56;2016-05-05
2016-06-30;669;-421;248;82;194;446;517;1,528;1,473;381;9,312;253;-;494;1,159;3,019;6,156;80;-41;112.56;2016-08-04
2016-09-30;654;-415;239;100;234;441;505;1,559;1,484;380;9,397;242;-;401;1,078;3,048;6,098;201;-42;112.56;2016-11-04
2016-12-31;697;-456;241;36;2,27;486;450;3,307;1,54;355;8,161;282;-;248;1,141;2,122;4,366;281;-55;112.56;2017-02-19
2017-03-31;722;-467;255;42;1,255;508;519;2,391;1,545;410;7,366;337;-;315;1,209;1,398;3,729;83;-54;110.63;2017-05-05
2017-06-30;737;-465;272;99;1,007;488;566;2,204;1,586;418;7,292;346;-;307;983;1,421;3,531;-137;-44;110.63;2017-08-04
2017-09-30;755;-479;276;111;1,045;520;610;2,327;1,616;416;7,523;362;-;382;1,103;1,407;3,624;129;-90;110.63;2017-11-04
2017-12-31;858;-550;308;131;1,137;534;593;2,477;1,61;422;7,751;419;-;422;1,201;1,415;4,076;229;-130;110.63;2018-02-19
2018-03-31;822;-517;305;112;692;607;667;2,159;1,644;430;7,556;482;-;39;869;1,437;3,756;122;-132;105.75;2018-05-05
2018-06-30;854;-543;311;292;908;571;666;2,283;1,586;406;7,538;460;-;209;1,042;1,407;3,845;102;-149;105.75;2018-08-04
2018-09-30;778;-497;281;123;641;551;727;2,059;1,591;398;7,487;474;-;286;1,126;1,412;3,958;153;-191;105.75;2018-11-04
2018-12-31;922;-601;320;81;555;606;701;1,999;1,567;386;7,582;523;-;307;1,183;1,398;3,996;169;-228;105.75;2019-02-19
2019-03-31;832;-548;284;116;465;604;756;1,987;1,561;379;7,871;482;-;426;1,278;1,39;4,199;55;-216;116.63;2019-05-05
2019-06-30;885;-559;326;137;398;625;814;2,036;1,566;373;8,094;559;-;491;1,4;1,395;4,294;144;-200;116.63;2019-08-04
2019-09-30;880;-570;310;138;318;637;802;1,97;1,534;361;8,142;527;-;540;1,422;1,379;4,305;146;-193;116.63;2019-11-04
2019-12-31;993;-654;339;83;613;613;769;2,225;1,579;355;9,861;574;-;187;1,408;2,804;5,929;374;-243;116.63;2020-02-19
2020-03-31;739;-496;243;97;553;519;854;2,155;1,559;345;9,848;573;-;36;1,193;3,047;5,97;155;-215;116.63;2020-05-05
2020-06-30;764;-531;233;73;737;518;851;2,293;1,571;343;10,17;523;-;406;1,42;3,074;6,146;53;-205;116.63;2020-08-04
2020-09-30;747;-493;254;91;702;516;828;2,227;1,603;344;10,232;466;-;604;1,614;2,882;6,107;254;-202;116.63;2020-11-04
2020-12-31;879;-614;265;58;747;531;750;2,206;1,666;349;10,451;483;-;805;1,802;2,709;6,183;337;-229;116.63;2021-02-19
2021-03-31;829;-566;264;101;570;533;686;2,01;1,629;335;10,29;493;-;1;954;1,972;4,544;158;-180;117.03;2021-05-05
2021-06-30;774;-526;248;428;824;455;733;2,152;1,641;331;10,797;535;-;1;985;1,986;4,631;228;-217;117.03;2021-08-04
2021-09-30;831;-581;249;-402;595;521;746;2,078;1,623;321;10,832;546;-;1;1,592;1,964;5,138;105;-256;117.03;2021-11-04
2021-12-31;894;-658;237;-23;439;557;813;2,008;1,598;309;10,974;648;-;390;1,874;1,93;5,349;-146;-301;117.03;2022-02-19
2022-03-31;1,128;-679;449;219;463;659;1,014;2,336;1,576;297;11,416;846;-;504;2,104;1,913;5,589;206;-232;117.19;2022-05-05
2022-06-30;1,48;-899;581;313;931;962;1,216;3,351;1,543;285;12,52;1,092;-;251;1,782;3,134;6,435;-146;-271;117.19;2022-08-04
2022-09-30;2,092;-1,045;1,047;672;1,383;1,035;1,614;4,297;1,468;263;13,829;1,652;-;251;2,488;3,048;7,096;895;-313;117.19;2022-11-04
2022-12-31;2,621;-1,62;1,001;839;1,499;1,191;2,076;5,187;1,618;288;15,457;2,052;-;2;2,741;3,141;7,474;952;-446;117.19;2023-02-19
2023-03-31;2,58;-1,304;1,277;881;1,587;1,352;3,181;6,658;1,634;285;17,564;2,771;-;2;3,505;3,159;8,352;721;-416;117.4;2023-05-05
2023-06-30;2,37;-1,812;558;125;1,6;1,344;3,659;7,455;1,635;274;19,11;3,052;-;6;4,291;3,393;9,294;74;-504;117.4;2023-08-04
2023-09-30;2,311;-2,256;55;-150;1,602;1,179;3,404;7,126;1,606;261;18,883;2,607;-;162;3,941;3,381;8,986;629;-546;117.4;2023-11-04
2023-12-31;2,356;-3,049;-693;-1,04;890;1,213;2,161;5,217;1,63;262;18,271;2,088;-;626;3,56;3,437;8,858;-98;-684;117.4;2024-02-19
2024-03-31;1,36;-1,321;39;-164;2,055;874;1,904;5,822;1,613;252;19,032;1,295;-;5;2,05;3,519;7,233;98;-579;117.45;2024-04-29
2024-06-30;1,43;-1,44;-10;-176;1,83;785;1,8;5,225;1,6;243;18,388;1,313;-;3;1,958;3,519;8,166;362;-447;117.70;2024-07-29
2024-09-30;1,354;-1,458;-104;-1,289;1,664;749;1,657;4,669;1,637;246;17,455;1,07;-;3;1,91;3,566;6,965;241;-304;117.54;2024-11-04
2024-12-31;1,231;-1,093;138;66;1,192;742;1,502;3,842;1,582;231;16,609;943;-;398;1,966;3,118;6,41;1;-355;117.72;2025-02-10