date;revenue;cogs;gross_profit;net_profit;cash;acc_rec;inventory;curr_assets;goodwill;intangible_assets;total_assets;acc_pay;short_term_debt;current_debt;curr_liab;long_term_debt;total_liab;cash_from_operating_activities;capex;shares;real_date
2004-12-31;2,34;-1,849;491;94;146;1,212;538;2,097;624;-;7,563;1,197;-;575;1,841;1,087;4,719;-64;-55;75.0;2005-01-30
2005-03-31;2,149;-1,754;395;33;74;1,31;546;2,233;560;-;7,815;1,254;478;248;2,01;1,086;4,916;-180;-72;75.0;2005-04-30
2005-06-30;1,092;-527;565;1,75;692;2,433;567;3,93;576;-;6,921;1,358;-;78;1,507;90;3,174;334;-158;75.0;2005-07-30
2005-09-30;1,714;-1,415;299;81;985;1,242;439;3,757;164;71;6,815;1,239;-;12;1,545;82;3,076;-101;105;75.0;2005-11-14
2005-12-31;1,686;-1,396;290;34;601;1,191;499;3,388;231;-;6,482;1,025;-;12;1,242;77;2,796;-147;-25;72.0;2006-01-30
2006-03-31;1,786;-1,484;302;50;476;1,279;494;3,469;230;-;6,552;1,083;-;12;1,312;77;2,858;127;-50;72.0;2006-04-30
2006-06-30;1,853;-1,538;315;42;363;1,394;519;3,617;300;-;6,933;1,159;-;18;1,486;70;3,132;130;-39;72.0;2006-07-30
2006-09-30;1,908;-1,612;296;56;1,82;1,401;532;4,25;210;100;6,59;1,302;-;12;2,041;70;3,494;232;-61;72.0;2006-11-14
2006-12-31;1,803;-1,489;314;53;516;1,341;580;3,014;260;117;5,426;1,059;-;7;1,076;70;2,548;-126;-35;64.0;2007-01-30
2007-03-31;1,915;-1,575;340;31;584;1,448;576;3,144;260;112;5,554;1,143;-;10;1,175;67;2,636;41;-31;64.0;2007-04-30
2007-06-30;1,983;-1,643;340;86;848;1,466;587;3,192;261;112;5,612;1,138;-;5;1,147;65;2,574;88;-36;64.0;2007-07-30
2007-09-30;2,085;-1,74;345;32;897;1,467;610;3,276;268;109;5,686;1,141;-;5;1,152;64;2,532;183;-52;64.0;2007-11-14
2007-12-31;1,905;-1,589;316;38;681;1,374;633;3,236;272;108;5,646;696;-;5;1,044;64;2,44;61;-42;64.0;2008-01-30
2008-03-31;2,059;-1,725;334;72;847;1,498;545;3,115;279;106;5,778;1,129;-;3;1,136;64;2,482;160;-43;64.0;2008-04-30
2008-06-30;2,201;-1,844;357;66;853;1,52;521;3,093;291;114;5,844;910;-;20;1,204;45;2,486;106;-33;64.0;2008-07-30
2008-09-30;2,216;-1,898;318;-1;886;1,441;476;3,026;283;109;5,771;918;-;21;1,23;45;2,569;143;-87;64.0;2008-11-14
2008-12-31;1,966;-1,641;325;-119;222;1,499;688;2,721;2,1;1,328;9,742;871;246;94;1,739;2,128;6,142;79;-38;73.0;2009-01-30
2009-03-31;1,99;-1,531;459;48;203;1,357;579;2,4;2,074;1,293;9,237;738;84;94;1,389;2,084;5,694;218;-42;73.0;2009-04-30
2009-06-30;2,037;-1,544;493;51;256;1,405;517;2,419;2,15;1,178;9,165;783;44;71;1,37;1,878;5,458;351;-27;73.0;2009-07-30
2009-09-30;2,113;-1,601;512;98;352;1,392;527;2,478;2,22;1,181;9,607;973;23;53;1,577;1,537;6,023;377;-58;73.0;2009-11-14
2009-12-31;1,324;-906;418;64;406;1,289;593;2,467;2,213;1,182;9,23;834;28;50;1,357;1,516;5,476;48;-21;79.0;2010-01-30
2010-03-31;1,423;-992;431;6;499;1,494;581;2,735;2,167;1,15;9,239;1,056;339;23;1,858;1,101;5,557;183;-38;79.0;2010-04-30
2010-06-30;1,478;-1,028;450;139;484;1,569;611;2,818;2,131;1,103;9,145;1,02;287;32;1,813;1,102;5,489;67;-38;79.0;2010-07-30
2010-09-30;1,516;-1,198;318;-121;417;1,115;447;2,833;2,148;1,111;9,53;727;71;45;1,687;1,108;5,723;208;-95;79.0;2010-11-14
2010-12-31;1,433;-1,035;398;71;374;1,005;497;2,705;2,083;1,089;9,349;640;77;39;1,434;1,114;5,472;-38;-22;80.0;2011-01-30
2011-03-31;1,556;-1,094;462;182;1,129;1,142;534;2,974;2,142;1,088;9,412;708;42;19;1,31;846;4,915;120;-30;80.0;2011-04-30
2011-06-30;1,667;-1,233;434;75;1,045;1,247;557;3,016;2,178;1,077;9,482;750;61;12;1,329;848;4,915;14;-44;80.0;2011-07-30
2011-09-30;1,846;-1,528;318;-272;737;1,482;925;3,387;3,291;2,134;12,966;911;83;101;1,739;3,648;8,831;149;-105;80.0;2011-11-14
2011-12-31;1,93;-1,408;522;60;466;1,369;981;3,063;3,294;2,088;12,513;770;76;121;1,464;3,607;8,448;-184;-44;80.0;2012-01-30
2012-03-31;2,079;-1,504;575;90;599;1,489;949;3,283;3,319;2,066;12,706;882;55;109;1,578;3,588;8,474;204;-54;80.0;2012-04-30
2012-06-30;2,141;-1,514;627;160;597;1,474;1,034;3,353;3,246;2,015;12,598;908;45;109;1,622;3,567;8,432;109;-66;80.0;2012-07-30
2012-09-30;323;-387;-64;-296;523;1,481;1,008;3,209;3,342;1,936;12,524;877;344;115;1,913;3,131;8,495;225;-78;80.0;2012-11-14
2012-12-31;1,448;-1,052;396;81;488;1,38;1,008;3,077;3,358;1,91;12,376;738;349;114;1,77;3,09;8,224;65;-51;80.0;2013-01-30
2013-03-31;1,55;-1,124;426;48;468;1,45;930;3,045;3,333;1,871;12,251;767;456;20;1,77;3,033;8,094;143;-43;80.0;2013-04-30
2013-06-30;1,624;-1,192;432;89;377;1,512;864;2,976;3,348;1,84;12,159;743;456;8;1,818;2,958;8,06;242;-61;80.0;2013-07-30
2013-09-30;1,47;-936;534;335;346;1,112;758;2,873;2,709;1,471;12,088;714;308;12;1,727;2,947;7,535;283;-109;80.0;2013-11-14
2013-12-31;1,432;-1,048;384;88;295;1,363;934;2,776;3,377;1,769;11,983;750;314;-;1,545;2,948;7,318;25;-45;78.0;2014-01-30
2014-03-31;1,545;-1,168;377;-61;491;1,15;773;3,142;2,717;1,388;12,188;646;401;-;1,754;2,949;7,618;189;-51;78.0;2014-04-30
2014-06-30;1,605;-1,161;444;71;570;1,179;781;3,203;2,715;1,364;12,126;639;365;9;1,751;2,941;7,597;238;-56;78.0;2014-07-30
2014-09-30;1,538;-1,228;310;-26;1,393;1,202;765;3,561;2,643;1,332;10,92;674;329;9;1,687;2,911;7,337;191;-96;78.0;2014-11-14
2014-12-31;1,391;-982;409;40;1,256;1,032;746;3,241;2,586;1,254;10,349;529;323;9;1,374;2,943;7,024;-34;-43;69.0;2015-01-30
2015-03-31;1,349;-924;425;95;911;1,04;714;2,902;2,48;1,188;9,796;500;233;9;1,25;2,943;6,777;407;-43;69.0;2015-04-30
2015-06-30;1,367;-939;428;115;1,113;1,009;700;3,092;2,509;1,18;9,955;544;231;105;1,374;3,362;6,788;-271;-61;69.0;2015-07-30
2015-09-30;1,28;-969;311;-59;1,257;961;706;3,093;2,486;1,142;10,054;573;326;55;1,442;3,348;7,017;231;-73;69.0;2015-11-14
2015-12-31;1,163;-771;392;91;1,039;851;723;2,932;2,462;1,114;9,673;461;645;55;1,594;3,337;7,126;56;-53;63.0;2016-01-30
2016-03-31;312;-250;62;-54;1,136;935;726;2,912;2,578;1,11;9,901;519;694;55;1,702;3,328;7,178;175;-50;63.0;2016-04-30
2016-06-30;790;-555;235;24;1,215;908;677;2,911;2,567;1,086;9,912;477;716;55;1,671;3,316;7,178;174;-47;63.0;2016-07-30
2016-09-30;754;-415;339;-344;1,017;529;539;2,888;2,138;1,082;10,001;376;-;170;1,238;2,325;6,653;273;-81;63.0;2016-11-14
2016-12-31;704;-513;191;-65;704;858;666;2,334;2,348;1,026;9,063;458;92;15;1,016;2,825;5,888;10;-33;62.0;2017-01-30
2017-03-31;806;-578;228;29;605;972;687;2,377;2,413;1,017;9,186;520;95;16;1,037;2,812;5,886;48;-40;62.0;2017-04-30
2017-06-30;870;-626;244;-16;492;643;631;1,839;2,426;1,316;8,506;392;223;6;895;2,584;5,107;195;-53;62.0;2017-07-30
2017-09-30;-71;-137;66;-128;566;612;634;1,903;2,465;1,319;8,618;409;229;6;968;2,584;5,212;130;-42;62.0;2017-11-14
2017-12-31;581;-401;180;-16;601;597;674;1,964;2,475;1,298;8,655;382;339;16;1,003;2,584;5,256;-40;-21;64.0;2018-01-30
2018-03-31;672;-449;223;38;225;717;649;1,713;2,503;1,29;8,441;387;45;14;712;2,579;4,93;16;-31;64.0;2018-04-30
2018-06-30;668;-439;229;11;182;690;656;1,672;2,447;1,249;8,224;397;69;13;742;2,45;4,825;119;-35;64.0;2018-07-30
2018-09-30;667;-355;312;-14;294;522;596;1,712;2,304;1,185;8,259;331;-;254;1,076;2,275;4,853;202;-70;64.0;2018-11-14
2018-12-31;576;-417;159;-47;149;448;619;1,991;2,289;1,159;7,943;277;218;11;906;2,275;4,638;-67;-33;62.0;2019-01-30
2019-03-31;667;-468;199;45;164;522;599;2,087;2,279;1,135;7,998;280;255;6;920;2,275;4,636;32;-37;62.0;2019-04-30
2019-06-30;641;-437;204;29;132;507;595;2,037;2,285;1,118;7,925;275;326;6;1,007;2,275;4,708;128;-33;62.0;2019-07-30
2019-09-30;609;-415;194;26;232;481;597;1,433;2,253;1,094;7,251;311;166;-;757;1,501;3,68;148;-51;62.0;2019-11-14
2019-12-31;533;-380;153;34;157;441;633;1,344;2,274;1,072;7,326;232;-;179;688;1,502;3,701;-51;-29;61.0;2020-01-30
2020-03-31;610;-413;197;-575;353;492;611;1,645;1,723;1,044;6,968;255;-;471;972;1,535;3,985;-15;-37;61.0;2020-04-30
2020-06-30;574;-378;196;50;416;455;617;1,67;1,734;1,026;6,986;225;-;446;937;1,547;3,973;121;-28;61.0;2020-07-30
2020-09-30;299;-246;53;-64;454;471;529;1,547;1,758;1,013;6,877;233;-;280;813;1,573;3,841;148;-39;61.0;2020-11-14
2020-12-31;468;-321;147;43;335;409;537;1,381;1,792;1,001;6,742;217;-;93;585;1,601;3,62;92;-30;61.0;2021-01-30
2021-03-31;509;-349;160;25;373;447;512;1,418;1,76;971;6,664;217;-;88;569;1,571;3,55;85;-23;61.0;2021-04-30
2021-06-30;543;-370;173;72;262;384;517;1,235;1,901;1,133;6,766;236;-;101;602;1,578;3,564;221;-21;61.0;2021-07-30
2021-09-30;325;-221;104;-17;210;369;473;1,717;1,43;1,099;6,612;236;-;374;934;1,596;3,86;162;-31;61.0;2021-11-14
2021-12-31;512;-351;161;32;194;340;530;1,734;1,411;1,068;6,549;236;-;389;908;1,58;3,786;6;-15;55.0;2022-01-30
2022-03-31;604;-384;220;38;964;407;573;2,025;1,404;1,041;6,78;248;-;-;810;1,336;3,398;-48;-22;55.0;2022-04-30
2022-06-30;644;-404;240;51;629;488;609;1,817;1,356;1,001;6,412;241;-;-;550;1,302;3,146;-246;-30;55.0;2022-07-30
2022-09-30;632;-422;210;61;646;402;629;1,768;1,312;963;6,213;265;-;-;553;1,27;2,993;75;-46;55.0;2022-11-14
2022-12-31;525;-360;165;42;532;351;724;1,724;1,369;959;6,259;246;-;-;464;1,316;2,941;-63;-23;53.0;2023-01-30
2023-03-31;603;-406;197;92;399;395;730;1,631;1,385;940;6,183;246;-;-;472;1,328;2,916;43;-35;53.0;2023-04-30
2023-06-30;546;-368;178;42;349;345;712;1,526;1,383;916;6,029;210;-;-;432;1,328;2,88;140;-43;53.0;2023-07-30
2023-09-30;517;-389;128;-8;417;338;626;1,506;1,362;886;5,939;210;-;16;456;1,314;2,842;123;-69;53.0;2023-11-14
2023-12-31;473;-354;119;28;440;194;588;1,365;1,396;875;5,866;202;-;-;414;1,341;2,813;187;-36;52.0;2024-01-30
2024-03-31;575;-387;188;121;439;260;550;1,427;1,379;851;5,948;207;-;-;453;1,328;2,814;41;-34;51.0;2024-04-30
2024-06-30;544;-350;194;31;399;224;532;1,385;1,352;761;5,747;198;-;-;464;1,325;2,78;116;-29;51.0;2024-07-30
2024-09-30;522;-347;175;19;300;243;545;1,195;1,381;751;5,645;214;-;-;490;1,349;2,777;80;-37;49.0;2024-11-14
2024-12-31;405;-291;114;-166;219;163;528;1,069;1,33;588;5,231;184;-;-;425;1,313;2,639;-30;-23;47.18;2025-01-30