date;revenue;cogs;gross_profit;net_profit;cash;acc_rec;inventory;curr_assets;goodwill;intangible_assets;total_assets;acc_pay;short_term_debt;current_debt;curr_liab;long_term_debt;total_liab;cash_from_operating_activities;capex;shares;real_date
2013-03-31;206;-131;75;-34;140;88;185;736;-;157;1,389;41;-;52;373;37;428;-113;-13;26.09;2013-05-10
2013-06-30;350;-81;270;-5;294;111;233;942;-;65;1,498;84;-;9;436;76;532;195;-37;26.09;2013-08-24
2013-09-30;319;-135;184;19;149;190;218;869;-;95;1,454;89;-;9;364;75;458;-82;-66;26.09;2013-11-14
2013-12-31;338;-138;200;-27;347;110;234;900;-;105;1,452;114;-;9;389;72;476;146;-40;26.09;2014-03-04
2014-03-31;286;-144;141;1;227;130;205;772;-;113;1,332;62;-;9;269;70;354;-80;-34;26.40;2014-05-10
2014-06-30;165;-85;80;-55;115;106;236;673;-;115;1,255;87;-;9;248;68;330;-90;-25;26.40;2014-08-24
2014-09-30;225;-99;126;-18;146;184;233;671;-;120;1,264;70;-;2;292;75;382;-40;-24;26.40;2014-11-14
2014-12-31;541;-167;374;98;398;187;122;1,319;-;109;1,887;59;-;2;583;33;635;548;-23;26.40;2015-03-04
2015-03-31;235;-92;143;45;1,019;76;142;1,924;-;90;2,464;67;-;2;1,144;33;1,195;599;-9;28.6;2015-05-10
2015-06-30;389;-110;279;61;505;190;141;1,703;-;95;2,221;47;-;2;821;32;872;-293;-11;28.6;2015-08-24
2015-09-30;79;-44;36;-50;462;98;154;1,586;-;97;2,139;52;-;2;787;32;837;-36;-9;28.6;2015-11-14
2015-12-31;318;-170;148;2;374;146;91;1,404;-;108;1,989;70;-;2;590;31;647;-165;-30;28.6;2016-03-03
2016-03-31;23;-19;4;-129;185;58;115;1,249;-;121;1,863;35;-;2;594;31;650;-67;-20;30.33;2016-05-10
2016-06-30;117;-28;88;-26;459;62;193;1,845;-;132;2,482;56;-;2;622;30;677;-78;-27;30.33;2016-08-24
2016-09-30;452;-145;307;98;209;504;153;1,999;-;103;2,583;46;-;2;613;30;668;-230;-16;30.33;2016-11-14
2016-12-31;415;-106;310;87;854;141;147;2,283;-;83;2,824;72;-;2;752;30;807;642;-29;30.33;2017-03-04
2017-03-31;198;-50;148;-6;1,005;20;187;2,347;-;72;2,882;42;-;2;788;29;842;167;-8;31.88;2017-05-10
2017-06-30;397;-127;270;46;358;16;153;2,56;-;50;3,068;34;-;2;892;29;946;301;-11;31.88;2017-08-24
2017-09-30;734;-99;636;326;459;33;97;2,575;-;30;2,916;37;-;2;251;28;279;-80;-7;31.88;2017-11-14
2017-12-31;41;-15;26;-185;283;32;112;2,77;-;33;3,153;83;-;2;247;400;646;-172;-52;31.88;2018-03-04
2018-03-31;11;-19;-8;-183;150;25;113;2,628;-;30;3,03;36;-;113;298;399;697;-207;-29;32.25;2018-05-10
2018-06-30;86;-46;41;-110;180;39;140;2,71;-;30;3,156;72;-;291;507;399;906;-104;-54;32.25;2018-08-24
2018-09-30;222;-80;141;32;346;32;131;2,623;-;30;3,103;37;-;251;427;398;825;16;-45;32.25;2018-11-14
2018-12-31;181;-110;71;-101;267;42;79;2,508;-;33;3,061;94;-;249;483;398;880;7;-84;32.25;2019-03-04
2019-03-31;127;-78;49;-100;140;31;74;2,078;-;30;2,762;94;-;16;222;397;675;-71;-73;32.39;2019-05-10
2019-06-30;101;-50;52;-102;114;86;97;1,879;-;28;2,672;112;-;16;237;397;685;-156;-123;32.39;2019-08-24
2019-09-30;144;-93;51;-99;105;48;78;1,681;-;26;2,563;117;-;17;226;396;671;-42;-103;32.39;2019-11-14
2019-12-31;290;-135;156;-46;298;44;101;655;-;5,484;7,047;112;-;1,849;2,047;3,087;5,182;-7;-64;32.39;2020-03-03
2020-03-31;365;-243;122;515;1,465;213;187;2,631;-;5,424;9,005;151;-;451;710;3,11;3,895;432;-34;58.45;2020-05-10
2020-06-30;700;-379;320;111;377;321;155;2,888;-;5,373;9,243;201;-;383;736;3,184;3,992;240;-63;58.45;2020-08-24
2020-09-30;558;-246;313;26;561;135;357;3,091;-;5,364;9,451;296;-;1,252;1,779;2,348;4,187;315;-104;58.45;2020-11-14
2020-12-31;229;-327;-98;-375;285;143;521;2,381;-;5,291;8,759;345;-;380;952;2,858;3,865;-416;-113;58.45;2021-03-04
2021-03-31;535;-377;158;-131;246;164;553;3,343;-;5,235;9,748;273;-;956;1,45;2,309;3,828;-120;-96;70.47;2021-05-10
2021-06-30;370;-249;121;-150;186;345;667;3,582;-;5,19;10,008;299;-;1,278;1,828;2,327;4,22;-258;-117;70.47;2021-08-24
2021-09-30;449;-314;135;-81;342;308;553;3,594;-;5,162;10,118;223;-;1,809;2,313;1,973;4,347;130;-180;70.47;2021-11-14
2021-12-31;544;-387;157;-102;592;392;480;4,754;-;5,804;12,089;264;-;1,473;1,909;2,588;4,715;-111;-665;70.47;2022-03-04
2022-03-31;320;-292;28;-272;401;292;604;4,439;-;5,881;11,992;204;-;1,547;2,031;2,537;4,866;24;-302;70.74;2022-05-10
2022-06-30;537;-431;105;-237;291;513;518;4,358;-;5,813;12,029;195;-;1,661;2,196;2,418;5,149;-144;-97;70.74;2022-08-24
2022-09-30;1,004;-384;620;12;719;662;591;4,546;-;5,865;12,295;382;-;1,66;2,313;2,41;5,337;122;-175;70.74;2022-11-14
2022-12-31;1,29;-342;948;150;575;535;919;4,485;-;5,943;12,391;606;-;1,418;2,287;2,342;5,241;217;-807;70.74;2023-03-04
2023-03-31;1,252;-428;824;376;1,272;751;1,203;5,123;-;6,084;13,181;445;-;26;1,789;1,58;4,06;-215;-243;77.87;2023-05-10
2023-06-30;1,987;-684;1,303;538;832;1,314;1,508;4,415;-;7,904;14,993;764;-;46;2,926;1,432;5,307;442;-317;78.10;2023-08-24
2023-09-30;1,376;-514;862;-341;1,032;1,166;1,74;4,461;-;6,535;13,399;794;-;40;2,887;1,041;4,063;306;-173;78.10;2023-11-14
2023-12-31;2,447;-833;1,614;901;1,477;1,781;1,644;5,403;-;6,482;14,353;954;-;47;2,788;15;4,013;585;-244;78.10;2024-03-03
2024-03-31;831;-566;265;-114;860;663;1,782;4,816;-;6,404;13,621;480;-;47;2,935;15;3,446;399;9;78.10;2024-05-06