date;revenue;cogs;gross_profit;net_profit;cash;acc_rec;inventory;curr_assets;goodwill;intangible_assets;total_assets;acc_pay;short_term_debt;current_debt;curr_liab;long_term_debt;total_liab;cash_from_operating_activities;capex;shares;real_date
1999-09-30;6,057;-3,229;2,828;434;3,438;6,891;4,782;15,111;-;-;30,158;-;-;-;6,627;-;15,47;2341;-;733;1999-11-09
1999-12-31;6,498;-3,554;2,944;-134;3,14;6,909;4,992;15,041;-;-;31,279;-;-;-;6,808;-;16,273;728;-;733;2000-02-29
2000-03-31;6,962;-3,561;3,401;560;1,309;8,491;5,151;14,951;-;-;33,54;-;-;-;9,036;-;18,631;1035;-;733;2000-05-10
2000-06-30;7,537;-3,992;3,545;484;1,091;8,689;5,439;15,219;-;-;33,85;-;-;-;8,613;-;18,694;1352;-;733;2000-08-09
2000-09-30;7,302;-3,913;3,389;541;1,178;8,662;5,957;15,797;-;-;35,403;-;-;-;8,568;-;19,142;928;-;733;2000-11-09
2000-12-31;8,185;-4,483;3,702;257;704;8,895;6,095;15,694;-;-;36,451;-;-;-;9,853;-;20,311;808;-;733;2001-03-01
2001-03-31;7,503;-3,927;3,576;438;677;9,312;6,454;16,443;-;-;38,287;-;-;-;11,311;-;21,965;297;-;733;2001-05-10
2001-06-30;7,79;-4,393;3,397;566;666;9,657;6,64;16,963;-;-;39,315;-;-;-;11,582;-;22,019;534;-;733;2001-08-09
2001-09-30;6,714;-4,181;2,533;-182;1,371;8,573;6,098;16,042;-;-;37,336;-;-;-;11,06;-;21,031;1206;-;733;2001-11-09
2001-12-31;7,163;-4,246;2,917;139;771;7,862;5,818;14,451;-;-;37,039;-;-;-;9,611;-;20,117;1864;-;733;2002-03-01
2002-03-31;7,01;-4,045;2,965;524;1,144;8,898;5,852;15,894;-;-;38,162;-;-;-;11,488;-;21,399;240;-;733;2002-05-10
2002-06-30;7,271;-4,359;2,912;296;872;7,008;6,727;17,707;-;10,514;44,697;2,477;-;6,166;12,454;7,176;29,049;1093;-;733;2002-08-09
2002-09-30;7,249;-4,426;2,823;661;736;6,134;6,706;17,884;-;10,512;44,483;2,285;-;5,272;11,359;7,268;28,352;1,397;-;733;2002-11-09
2002-12-31;7,428;-4,679;2,749;-418;796;5,542;6,342;16,89;-;8,879;41,692;2,534;-;2,841;9,77;7,318;26,357;1,732;-;733;2003-03-01
2003-03-31;7,356;-3,971;3,385;593;2,19;6,288;6,593;18,381;-;8,69;42,173;2,287;-;3,098;10,78;7,291;27,131;185;-;733;2003-05-10
2003-06-30;7,256;-4,143;3,113;129;1,758;5,86;6,534;17,465;-;8,366;40,628;1,983;-;2,992;9,349;7,044;25,505;937;-;733;2003-08-09
2003-09-30;6,834;-4,191;2,643;-116;2,203;5,302;6,375;17,031;-;8,01;39,745;1,749;-;2,656;9,032;6,96;25,032;1,188;-;733;2003-11-09
2003-12-31;7,121;-4,496;2,625;-1,955;2,863;5,071;5,885;17,673;-;6,514;37,445;2,265;-;2,048;9,122;7,378;25,232;984;-;733;2004-02-29
2004-03-31;5,792;-2,807;2,985;399;2,632;4,995;4,672;14,923;-;6,416;38,193;1,527;-;1,617;8,341;6,868;26,746;-299;-185;733;2004-05-10
2004-06-30;5,89;-3,202;2,688;191;1,817;5,866;5,602;15,896;-;7,758;35,808;1,675;-;2,019;8,713;6,996;25,402;1,146;-237;733;2004-08-09
2004-09-30;5,485;-2,975;2,51;13;2,82;4,655;4,792;14,956;-;6,071;37,079;1,45;-;1,637;7,984;6,582;25,858;658;-289;733;2004-11-09
2004-12-31;6,111;-3,437;2,674;146;3,599;4,475;4,738;20,729;-;5,952;37,588;1,759;-;2,166;11,35;7,025;26,756;951;-540;733;2005-03-01
2005-03-31;6,386;-3,408;2,978;581;1,783;6,046;5,262;16,491;-;7,733;35,457;1,714;-;2,502;9,904;6,874;24,991;-454;-181;733;2005-05-10
2005-06-30;6,686;-3,642;3,044;410;1,817;5,866;5,602;15,896;-;7,758;35,808;1,675;-;2,019;8,713;6,996;25,36;1,025;-271;733;2005-08-09
2005-09-30;6,177;-3,481;2,696;457;3,04;5,414;5,668;16,533;2,597;5,143;36,404;1,571;-;2,199;8,506;7,086;25,398;1,426;-346;730.34;2005-11-09
2005-12-31;5,452;-2,881;2,571;-74;3,523;5,204;5,504;16,592;2,623;5,065;36,722;1,974;-;1,767;9,07;7,185;25,645;1,309;-591;730.34;2006-03-01
2006-03-31;6,791;-3,438;3,353;562;3,026;5,436;4,774;18,443;2,546;4,656;36,428;1,61;-;1,309;8,512;7,418;24,394;126;-419;730.34;2006-05-10
2006-06-30;6,736;-3,571;3,165;451;2,491;6,638;7,044;19,776;7,753;15,922;56,19;1,995;-;12,053;20,225;10,373;44,513;1,002;-340;730.34;2006-08-09
2006-09-30;7,459;-3,974;3,485;254;2,907;6,512;7,123;20,581;8,796;14,801;56,758;1,992;-;7,361;16,044;14,447;44,076;1,495;-325;764.34;2006-11-09
2006-12-31;7,97;-4,292;3,678;259;2,915;5,868;6,153;19,994;8,227;15,807;55,891;2,375;-;5,078;15,515;14,723;43,124;1,578;-792;764.34;2007-03-01
2007-03-31;8,335;-4,134;4,201;656;6,143;6,817;6,327;21,719;8,183;15,448;56,973;2,296;-;3,673;13,98;14,626;41,133;412;-201;764.34;2007-05-10
2007-06-30;8,217;-4,072;4,145;413;2,98;6,88;6,277;18,314;8,439;15,112;53,404;2,249;-;2,309;11,439;13,644;37,236;777;-440;764.34;2007-08-09
2007-09-30;7,793;-3,978;3,815;1,18;2,381;6,331;6,315;17,127;8,336;14,685;51,693;2,217;-;1,298;10,38;13,307;34,771;1,622;-482;764.34;2007-11-09
2007-12-31;8,04;-4,168;3,872;57;2,531;5,83;6,217;16,666;8,215;14,555;51,378;2,466;-;1,336;10,612;13,081;34,644;1,468;-737;764.34;2008-02-29
2008-03-31;8,536;-4,103;4,433;762;2,717;6,689;6,218;17,965;8,19;14,221;51,996;2,22;-;1,946;11,092;12,686;34,468;528;-288;764.34;2008-05-10
2008-06-30;8,511;-4,256;4,255;581;2,058;6,805;6,232;17,323;8,287;14,042;51,437;2,284;-;6,01;14,678;8,925;34,105;891;-347;764.34;2008-08-09
2008-09-30;7,948;-4,076;3,872;275;2,281;6,586;6,696;17,577;8,646;14,234;52,666;2,266;-;6,004;14,72;9,42;34,436;1,234;-492;764.34;2008-11-09
2008-12-31;7,923;-4,021;3,902;102;2,094;5,953;6,681;17,16;8,647;13,951;52,511;2,464;-;6,256;13,835;10,614;36,248;958;-632;764.34;2009-03-01
2009-03-31;7,895;-3,786;4,109;424;4,365;6,719;6,63;19,859;8,649;13,52;55,091;1,986;-;6,287;14,009;12,736;38,072;695;-290;764.34;2009-05-10
2009-06-30;8,009;-3,794;4,215;530;1,834;6,785;6,312;16,93;8,564;13,179;51,692;2,013;-;2,304;9,492;11,835;33,241;1,4;-370;764.34;2009-08-09
2009-09-30;7,392;-3,579;3,813;249;2,595;6,355;6,301;17,223;8,505;12,92;51,723;2,133;-;2,105;9,195;11,725;33,521;1,517;-420;826.95;2009-11-09
2009-12-31;7,872;-3,976;3,896;156;2,725;6,106;6,091;16,993;8,704;12,842;51,042;2,735;-;1,489;8,973;11,46;32,145;1,766;-495;826.95;2010-03-01
2010-03-31;8,316;-4,003;4,313;632;3,041;7,302;6,328;18,535;8,906;12,684;53,335;2,876;-;2,68;11,119;10,675;33,912;732;-230;826.95;2010-05-10
2010-06-30;9,179;-4,458;4,721;529;2,551;7,603;6,537;18,838;9,207;12,514;54,532;3,164;-;2,788;11,827;11,041;35,732;1,545;-365;826.95;2010-08-09
2010-09-30;8,581;-4,166;4,415;290;2,124;6,796;6,341;17,517;8,917;12,081;52,061;2,87;-;1,618;10,174;10,367;33,838;1,555;-395;826.95;2010-11-09
2010-12-31;9,012;-4,476;4,536;-141;2,84;6,668;6,104;18,318;9,002;11,161;51,506;3,497;-;1,889;10,835;9,944;32,673;1,941;-524;826.95;2011-03-01
2011-03-31;9,415;-4,437;4,978;683;2,686;7,691;6,133;19,627;8,87;10,748;51,822;3,247;-;1,666;11,211;9,538;32,229;801;-238;826.95;2011-05-10
2011-06-30;9,252;-4,518;4,734;746;1,797;7,502;6,219;19,474;8,865;10,513;51,055;3,497;-;3,888;13,269;7,251;32,19;1,53;-298;826.95;2011-08-09
2011-09-30;8,67;-4,278;4,392;646;1,181;7,025;6,539;19,878;9,047;10,43;51,921;3,397;-;3,721;13,213;7,521;32,972;1,577;-354;826.95;2011-11-09
2011-12-31;9,191;-4,742;4,449;397;1,771;7,06;6,37;20,077;9,148;10,284;52,746;3,785;-;3,683;13,393;7,995;33,55;1,152;-725;826.95;2012-02-29
2012-03-31;10,054;-4,755;5,299;1,041;1,276;8,776;6,554;22,364;9,106;9,893;54,296;3,456;-;3,712;14,143;7,925;34,307;237;-256;826.95;2012-05-10
2012-06-30;10,166;-4,841;5,325;486;1,352;8,636;6,756;19,897;9,273;9,659;52,312;3,488;-;2,584;13,389;7,32;33,838;1,403;-444;826.95;2012-08-09
2012-09-30;9,661;-4,691;4,97;522;1,426;7,932;6,94;20,465;9,363;9,7;52,835;3,796;-;2,633;13,746;7,117;34,215;1,986;-486;826.95;2012-11-09
2012-12-31;9,86;-4,783;5,077;404;1,698;7,433;6,991;19,01;9,293;9,464;51,318;4,305;-;2,568;13,104;6,962;32,867;904;-743;826.95;2013-03-01
2013-03-31;10,266;-4,823;5,443;1,162;1,479;9,19;7,344;20,516;9,411;9,35;52,87;3,861;-;2,716;13,773;6,836;33,195;327;-365;826.95;2013-05-10
2013-06-30;10,36;-4,958;5,402;844;1,732;8,887;7,113;20,486;10,063;9,353;53,166;4,034;-;3,994;14,87;7,306;33,769;1,536;-502;826.95;2013-08-09
2013-09-30;9,643;-4,651;4,992;738;1,615;8,093;7,163;19,606;9,971;9,258;51,894;4,05;-;4,122;14,748;5,801;31,845;1,728;-514;826.95;2013-11-09
2013-12-31;9,888;-5,084;4,804;442;1,662;7,569;7,129;19,028;9,862;8,914;51,317;4,473;-;3,441;14,023;5,59;30,599;1,58;-776;826.95;2014-03-01
2014-03-31;10,352;-4,734;5,618;1,398;2,631;9,444;7,391;22,085;10,575;10,362;56,457;4,155;-;4,139;15,285;8,102;35,452;163;-357;826.95;2014-05-10
2014-06-30;10,228;-4,991;5,237;919;1,228;9,423;7,416;20,99;10,322;10,056;54,939;4,136;-;3,589;14,67;8,008;35,49;1,601;-529;826.95;2014-08-09
2014-09-30;9,967;-4,859;5,108;808;1,68;9,099;7,928;25,359;10,608;10,009;60,613;4,505;-;3,107;14,759;11,402;40,426;1,816;-546;826.95;2014-11-09
2014-12-31;10,792;-5,325;5,467;218;1,853;9,097;8,478;22,227;15,347;15,653;70,234;5,363;-;3,376;15,503;18,484;50,128;2,23;-939;826.95;2015-03-01
2015-03-31;11,793;-5,436;6,357;1,282;1,607;11,466;8,776;24,951;16,405;16,367;76,671;5,211;-;6,512;20,263;16,921;54,905;727;-345;826.95;2015-05-10
2015-06-30;12,003;-5,267;6,736;1,146;3,247;11,242;8,668;26,158;15,98;15,686;75,663;5,239;-;7,676;20,751;17,178;53,323;1,959;-601;826.95;2015-08-09
2015-09-30;11,004;-4,94;6,064;994;2,395;9,995;8,711;24,997;15,932;15,413;74,47;5,129;-;6,036;19,342;16,74;51,988;2,332;-655;826.95;2015-11-09
2015-12-31;11,285;-5,397;5,888;591;1,859;9,933;8,55;23,821;16,096;15,178;73,917;5,945;-;3,421;16,98;16,513;49,652;1,877;-916;826.95;2016-02-29
2016-03-31;11,854;-5,044;6,81;1,531;3,552;11,554;8,504;26,726;15,814;14,371;76,629;4,977;-;3,191;17,428;17,119;53,005;1,321;-363;826.95;2016-05-10
2016-06-30;6,008;-848;5,16;969;1,055;11,792;8,334;24,663;15,982;14,167;75,474;5,055;-;3,22;17,056;16,488;52,755;1,981;-589;826.95;2016-08-09
2016-09-30;8,258;-2,716;5,542;957;1,232;10,762;8,355;25,17;15,94;13,895;76,534;4,931;-;2,714;16,677;16,515;53,14;3,053;-656;826.95;2016-11-09
2016-12-31;8,823;-3,148;5,675;299;1,899;10,969;8,408;30,447;16,312;13,567;82,238;6,41;-;3,401;18,537;16,18;51,905;2,737;-970;826.95;2017-03-01
2017-03-31;9,68;-2,987;6,693;1,707;2,224;13,02;8,674;33,39;16,29;13,367;85,054;5,69;-;4,199;19,572;14,788;51,437;841;-415;872.47;2017-05-10
2017-06-30;8,714;-2,783;5,931;836;2,773;12,077;8,459;32,652;15,823;12,685;82,64;5,211;-;5,037;18,76;14,168;49,99;2,313;-476;872.47;2017-08-09
2017-09-30;8,025;-2,565;5,46;773;5,555;8,791;6,737;30,75;14,91;11,949;76,71;3,928;-;3,541;14,913;12,576;39,514;2,711;-557;872.47;2017-11-09
2017-12-31;8,596;-3,047;5,549;-68;7,581;8,582;6,55;30,073;14,751;11,674;75,087;5,129;-;1,935;13,593;12,483;38,286;2,269;-918;872.47;2018-03-01
2018-03-31;9,138;-2,909;6,229;1,946;5,332;9,498;6,402;33,169;14,48;11,185;75,394;3,943;-;1,761;13,098;12,273;37,066;659;-349;872.47;2018-05-10
2018-06-30;9,481;-3,507;5,974;808;4,981;14,281;10,95;37,733;39,518;38,154;137,62;4,969;-;9,536;27,031;42,593;90,478;2,24;-459;872.47;2018-08-09
2018-09-30;9,261;-4,101;5,16;2,815;4,85;11,56;11,042;32,068;39,567;37,696;130,513;5,557;-;3,492;20,461;40,358;80,288;2,051;-659;980.15;2018-11-09
2018-12-31;10,355;-5,644;4,711;-3,962;4,052;11,714;11,132;31,065;38,442;36,696;126,732;6,038;-;3,682;23,125;37,712;80,755;2,968;-1,126;980.15;2019-03-01
2019-03-31;12,252;-4,867;7,385;1,124;4,062;14,264;10,512;32,507;39,074;36,625;130,354;5,714;-;4,186;23,979;37,951;82,528;1,078;-395;980.15;2019-05-10
2019-06-30;10,713;-4,043;6,67;320;3,343;14,243;10,271;32,65;38,368;34,904;128,301;5,384;-;6,676;25,462;36,652;83,609;1,6;-458;980.15;2019-08-09
2019-09-30;9,83;-3,783;6,047;998;4,41;11,876;10,395;33,393;40,057;35,593;130,679;5,697;-;6,023;26,057;37,762;84,798;2,282;-729;982.42;2019-11-09
2019-12-31;10,75;-4,92;5,83;-32;3,185;11,678;10,65;32,439;39,126;34,709;126,174;6,426;-;2,182;23,215;36,912;78,921;3,227;-1,068;982.42;2020-02-29
2020-03-31;12,845;-4,656;8,189;1,368;2,289;14,305;10,006;32,997;39,068;34,834;125,474;5,331;-;3,2;22,32;36,812;76,865;-236;-391;982.42;2020-05-10
2020-06-30;10,054;-4,018;6,036;-9,61;3,148;13,103;10,128;32,751;38,466;33,722;123,667;5,098;-;7,372;36,543;33,947;87,963;2,414;-585;982.42;2020-08-09
2020-09-30;8,506;-6,795;1,711;-7,705;5,067;10,161;10,452;39,339;35,143;25,433;119,52;5,461;-;8,26;35,79;35,19;88,193;1,967;-549;982.42;2020-11-09
2020-12-31;9,995;-3,669;6,326;386;4,191;9,552;10,961;35,675;36,418;25,424;116,804;5,678;-;8,569;36,768;33,201;86,281;751;-893;982.42;2021-03-01
2021-03-31;12,328;-4,698;7,63;2,09;5,55;12,969;10,457;35,814;37,58;25,798;118,528;5,185;-;4,946;28,977;37,923;83,939;-2,765;-329;982.42;2021-05-10
2021-06-30;10,854;-4,546;6,308;-2,328;3,389;13,071;10,125;32,467;37,316;24,684;114,18;5,113;-;3,707;27,969;36,669;83,791;1,997;-493;982.42;2021-08-09
2021-09-30;9,781;-3,887;5,894;90;4,316;10,048;10,644;31,945;39,421;24,97;116,549;5,587;-;4,792;28,727;36,974;85,446;2,859;-649;982.42;2021-11-09
2021-12-31;11,118;-3,685;7,433;1,17;4,564;10,047;11,314;32,578;40,106;26,258;120,241;6,792;-;4,391;29,403;36,481;87,221;3,037;-1,14;982.42;2022-03-01
2022-03-31;14,639;-5,176;9,463;3,294;5,785;14,601;10,869;38,246;39,789;26,066;125,782;5,847;-;5,899;31,019;36,648;88,345;-723;-349;982.42;2022-05-10
2022-06-30;12,819;-5,68;7,139;-289;3,412;14,785;11,371;39,55;41,583;25,367;128,794;6,097;-;6,573;33,643;38,061;90,775;2,104;-550;982.42;2022-08-09
2022-09-30;11,281;-4,247;7,034;552;4,361;11,001;12,791;38,412;43,452;25,997;131,01;6,549;-;5,331;33,172;39,46;89,738;2,654;-726;982.42;2022-11-09
2022-12-31;12,001;-4,768;7,232;609;5,171;10,312;13,636;37,76;39,648;24,183;124,877;7,545;-;7,861;35,084;33,791;86,104;3,061;-1,324;982.42;2023-03-01
2023-03-31;14,389;-5,733;8,656;2,182;4,854;14,559;13,531;39,623;39,254;23,352;125,052;6,268;-;9,728;34,391;33,571;84,188;-3,55;-466;982.42;2023-05-10
2023-06-30;11,044;-4,718;6,326;-1,889;4,481;13,717;13,768;38,777;36,922;23,438;121,667;5,97;-;9,96;32,187;36,557;84,719;483;-606;982.42;2023-08-09
2023-09-30;10,342;-4,812;5,53;-4,577;6,815;10,532;13,956;37,528;33,876;23,169;117,242;6,5;-;12,313;33,081;35,111;83,862;2,576;-683;982.42;2023-11-09
2023-12-31;11,862;-4,486;7,376;1,342;5,907;9,343;13,947;37,556;32,299;23,363;116,259;7,456;-;6,83;29,457;38,176;83,332;5,608;-996;982.42;2024-02-29
2024-03-31;13,765;-5,463;8,302;2,002;4,725;14,194;13,437;40,167;32,763;23,343;119,881;6,398;-;8,281;30,63;37,987;84,119;-2,15;-446;982.42;2024-05-13
2024-06-30;11,144;-4,994;6,15;-26;3,888;13,442;13,088;40,144;32,896;22,985;119,859;6,127;-;9,181;31,561;37,397;84,012;2,41;-628;982.42;2024-08-05