date;revenue;cogs;gross_profit;net_profit;cash;acc_rec;inventory;curr_assets;goodwill;intangible_assets;total_assets;acc_pay;short_term_debt;current_debt;curr_liab;long_term_debt;total_liab;cash_from_operating_activities;capex;shares;real_date
1996-03-31;85;-56;29;1;13;2;73;92;48;-;174;33;19;-;62;67;132;-17;-4;311.7;1996-05-05
1996-06-30;103;-67;36;4;6;2;87;99;47;-;183;34;21;-;64;42;111;-8;-4;311.7;1996-08-04
1996-09-30;111;-69;42;6;4;2;112;123;47;-;209;38;37;-;86;40;131;-13;-4;311.7;1996-11-04
1996-12-31;195;-119;76;23;3;2;75;86;46;-;171;35;-;-;62;3;70;78;-6;311.7;1997-02-19
1997-03-31;118;-77;41;4;4;1;90;100;46;-;192;33;-;5;52;30;86;-21;-9;318.6;1997-05-05
1997-06-30;129;-83;46;6;5;1;103;114;45;-;220;35;-;-;48;53;106;-3;-16;318.6;1997-08-04
1997-09-30;142;-89;54;9;5;1;133;146;45;-;264;47;-;13;76;60;140;-3;-18;318.6;1997-11-04
1997-12-31;246;-149;97;30;45;-;109;166;44;-;303;54;-;9;105;31;142;97;-18;318.6;1998-02-19
1998-03-31;181;-117;64;8;4;-;129;143;44;-;278;44;-;-;67;40;113;-42;-10;321.3;1998-05-05
1998-06-30;205;-131;74;12;5;1;156;172;44;-;311;43;-;9;73;53;132;-12;-10;321.3;1998-08-04
1998-09-30;210;-132;78;12;5;1;185;204;43;-;358;53;-;40;110;50;166;-11;-19;321.3;1998-11-04
1998-12-31;348;-209;139;39;75;-;143;232;43;-;405;53;-;17;117;30;156;151;-18;321.3;1999-02-19
1999-03-31;258;-168;90;14;18;-;174;205;42;-;382;41;-;19;83;30;121;-48;-10;323.7;1999-05-05
1999-06-30;288;-184;104;15;37;-;187;240;42;-;423;60;-;25;108;24;141;25;-17;323.7;1999-08-04
1999-09-30;299;-192;107;16;19;-;252;284;41;-;482;72;-;28;121;25;181;-30;-14;323.7;1999-11-04
1999-12-31;507;-310;197;60;182;-;193;396;42;-;611;72;-;31;168;49;260;182;-14;323.7;2000-02-19
2000-03-31;327;-214;114;14;81;-;255;352;42;-;562;64;-;28;121;24;180;-87;-18;335.4;2000-05-05
2000-06-30;385;-247;138;21;55;-;285;361;41;-;603;79;-;28;136;18;190;28;-26;335.4;2000-08-04
2000-09-30;377;-238;139;22;24;-;350;408;41;-;666;89;-;45;161;18;214;-31;-27;335.4;2000-11-04
2000-12-31;599;-365;234;65;181;-;259;477;40;-;747;75;-;29;174;18;228;197;-23;335.4;2001-02-19
2001-03-31;387;-256;131;11;66;-;355;457;40;-;741;82;-;29;155;18;210;-89;-26;338.7;2001-05-05
2001-06-30;440;-283;157;22;91;-;335;465;39;-;772;95;-;29;170;12;218;67;-37;338.7;2001-08-04
2001-09-30;445;-291;154;15;45;-;438;515;39;-;845;136;-;29;224;12;277;-9;-35;338.7;2001-11-04
2001-12-31;715;-442;273;76;237;-;296;561;38;-;902;69;-;29;201;12;250;210;-24;338.7;2002-02-19
2002-03-31;490;-317;173;23;181;-;372;583;38;-;941;103;-;29;197;12;251;-37;-32;343.8;2002-05-05
2002-06-30;499;-318;180;25;159;-;381;591;38;-;966;95;-;29;172;6;220;15;-36;343.8;2002-08-04
2002-09-30;514;-331;183;20;81;-;534;645;38;-;1,04;134;-;29;221;6;272;-52;-37;343.8;2002-11-04
2002-12-31;828;-511;316;87;292;-;358;716;41;-;1,116;59;-;31;206;6;261;288;-39;343.8;2003-03-28
2003-05-01;616;-398;218;33;90;-;497;701;38;-;1,279;90;-;31;206;142;398;-31;-51;346.8;2003-06-05
2003-08-01;626;-405;221;29;100;-;513;649;-;125;1,331;108;-;31;211;142;411;57;-36;346.8;2003-09-05
2003-11-01;665;-422;244;36;67;-;664;758;-;123;1,493;167;40;30;324;142;524;3;-79;346.8;2003-12-06
2004-01-31;893;-557;336;80;84;-;526;723;-;124;1,502;115;-;30;272;143;487;238;-58;346.8;2004-03-21
2004-05-01;710;-457;253;35;147;-;565;839;-;124;1,621;139;-;25;273;250;586;48;-55;342;2004-06-05
2004-07-31;704;-454;250;30;60;-;649;863;-;123;1,672;158;-;19;280;250;613;-18;-38;342;2004-09-04
2004-10-31;724;-466;258;32;88;-;775;918;-;125;1,736;174;-;19;315;250;660;-10;-56;342;2004-12-05
2005-01-31;988;-637;351;84;107;-;615;970;-;129;1,793;124;-;31;294;250;628;257;-39;342;2005-03-22
2005-04-30;749;-495;254;29;66;-;644;854;-;131;1,695;138;-;19;291;250;626;31;-37;326.1;2005-06-04
2005-07-31;769;-508;262;27;15;-;630;830;-;131;1,68;120;-;19;247;250;583;38;-41;326.1;2005-09-04
2005-10-31;797;-521;276;31;95;-;750;916;-;131;1,769;211;-;19;354;250;688;55;-40;326.1;2005-12-05
2006-01-31;1,079;-699;380;86;66;-;577;945;-;129;1,798;136;-;19;296;250;626;241;-25;326.1;2006-03-22
2006-04-30;857;-570;286;33;64;-;634;946;-;145;1,838;187;-;19;344;250;670;78;-43;311.4;2006-06-04
2006-07-31;884;-590;293;29;49;-;671;875;-;146;1,775;212;-;19;341;250;662;28;-47;311.4;2006-09-04
2006-10-31;910;-603;308;33;58;-;794;938;-;148;1,851;230;-;19;373;250;692;-15;-55;311.4;2006-12-05
2007-02-01;1,319;-849;470;98;85;-;605;968;-;147;1,882;198;-;19;392;250;715;322;-35;311.4;2007-03-23
2007-05-01;975;-650;325;38;60;-;600;839;-;146;1,763;187;-;19;326;250;665;31;-40;289.2;2007-06-05
2007-08-01;971;-645;327;33;44;-;652;894;-;149;1,837;231;-;19;389;250;734;65;-49;289.2;2007-09-05
2007-11-01;998;-654;344;36;30;-;801;894;-;149;1,868;258;-;19;435;335;883;-14;-64;289.2;2007-12-06
2008-02-01;1,299;-833;465;95;41;-;641;790;133;-;1,788;200;-;19;406;250;799;285;-43;289.2;2008-03-22
2008-05-01;1,051;-695;357;44;84;-;653;797;133;-;1,771;204;-;19;372;250;734;35;-33;272.4;2008-06-05
2008-08-01;1,093;-730;363;38;115;-;717;896;133;-;1,865;273;-;18;412;250;778;57;-33;272.4;2008-09-05
2008-11-01;1,114;-735;379;43;79;-;837;962;133;-;1,922;238;-;18;412;250;782;-5;-39;272.4;2008-12-06
2009-01-31;1,387;-893;493;105;364;-;676;1,073;133;-;2,036;193;-;18;410;250;783;317;-27;272.4;2009-03-22
2009-05-01;1,201;-786;415;60;355;-;688;1,109;133;-;2,074;209;-;18;415;250;792;55;-34;270;2009-06-05
2009-08-01;1,223;-801;422;57;358;-;741;1,167;133;-;2,135;274;-;18;443;250;825;79;-34;270;2009-09-05
2009-10-31;1,249;-808;441;68;342;-;846;1,22;133;-;2,181;261;-;18;469;250;856;89;-46;270;2009-12-05
2010-01-31;1,559;-980;578;135;572;-;680;1,306;133;-;2,29;220;-;18;477;250;861;358;-51;270;2010-03-22
2010-05-01;1,353;-902;450;64;339;-;708;1,146;133;-;2,143;259;-;18;469;250;850;36;-45;256;2010-06-05
2010-07-31;1,378;-894;484;78;429;-;752;1,262;133;-;2,257;289;-;17;493;250;876;118;-45;256;2010-09-04
2010-10-31;1,427;-921;506;93;310;-;935;1,368;133;-;2,362;303;-;17;567;250;950;21;-57;256;2010-12-05
2011-01-31;1,725;-1,077;648;163;311;-;803;1,333;173;-;2,381;261;-;17;533;250;922;344;-32;256;2011-03-22
2011-04-30;1,546;-1,005;541;101;371;-;771;1,325;175;-;2,381;276;-;17;505;250;895;156;-58;242.2;2011-06-04
2011-07-31;1,542;-1;542;95;422;-;814;1,409;175;-;2,479;303;-;16;497;250;891;103;-63;242.2;2011-09-04
2011-10-31;1,597;-1,036;561;105;280;-;1,005;1,332;174;-;2,431;352;-;16;588;250;984;60;-76;242.2;2011-12-05
2012-01-31;1,946;-1,211;735;188;288;-;867;1,209;173;-;2,329;287;-;16;582;250;984;368;-53;242.2;2012-03-21
2012-04-30;1,724;-1,121;603;116;382;-;875;1,304;174;-;2,451;319;-;266;816;-;971;135;-65;230.7;2012-06-04
2012-07-31;1,705;-1,105;600;119;380;-;892;1,322;173;-;2,5;352;-;14;580;250;977;145;-75;230.7;2012-09-04
2012-10-31;1,721;-1,121;600;155;222;-;1,133;1,408;173;-;2,639;420;-;14;701;250;1,1;34;-97;230.7;2012-12-05
2013-02-01;2,246;-1,395;851;229;400;-;972;1,474;173;-;2,752;347;-;14;677;257;1,085;364;-76;230.7;2013-03-23
2013-05-01;1,866;-1,21;656;134;383;-;1,01;1,49;173;-;2,812;393;-;14;663;257;1,072;129;-103;219.1;2013-06-05
2013-08-01;1,855;-1,206;649;125;414;-;1,018;1,533;172;-;2,908;419;-;13;672;257;1,082;171;-96;219.1;2013-09-05
2013-11-01;1,885;-1,225;660;125;147;-;1,237;1,487;172;-;2,883;526;-;13;767;1,007;1,924;66;-85;219.1;2013-12-06
2014-02-01;2,235;-1,41;825;213;268;-;1,035;1,379;169;-;2,772;394;-;13;687;757;1,601;427;-47;219.1;2014-03-23
2014-05-01;2,001;-1,304;697;138;387;-;1,043;1,537;170;-;2,954;447;-;-;725;753;1,636;198;-72;207;2014-06-05
2014-08-01;2,031;-1,337;694;121;468;-;1,084;1,664;170;2;3,13;524;-;-;783;740;1,682;167;-88;207;2014-09-05
2014-11-01;2,095;-1,37;725;133;408;-;1,305;1,797;169;-;3,368;545;-;-;867;757;1,783;23;-94;207;2014-12-06
2015-01-31;2,476;-1,558;918;206;864;-;1,036;1,995;165;-;3,493;434;-;-;862;683;1,708;554;-71;207;2015-03-22
2015-05-01;2,177;-1,428;749;70;870;-;1,094;9,336;166;-;10,869;516;-;-;1,016;7,82;8,998;150;-67;223.5;2015-06-05
2015-08-01;3,011;-2,156;855;-98;1,303;-;2,825;4,525;4,983;3,106;16,565;1,153;-;83;2,074;8,266;12,518;-175;-100;223.5;2015-09-05
2015-10-31;4,945;-3,545;1,4;82;1,107;-;3,185;4,628;5,024;3,106;16,699;1,259;-;96;2,161;8,248;12,557;-5;-170;223.5;2015-12-05
2016-01-31;5,365;-3,713;1,653;229;736;-;2,886;3,936;5,022;3,106;15,901;1,252;-;108;2,095;7,238;11,494;832;-144;223.5;2016-03-21
2016-04-30;5,086;-3,531;1,555;233;930;-;2,93;4,173;5,025;3,65;16,061;1,26;-;121;2,049;7,21;11,391;311;-176;236.8;2016-06-04
2016-07-31;4,996;-3,484;1,512;170;1,093;-;2,975;4,449;5,024;3,624;16,329;1,352;-;146;2,181;7,156;11,473;369;-180;236.8;2016-09-04
2016-10-31;5,002;-3,481;1,521;172;734;-;3,274;4,343;5,023;3,599;16,195;1,266;-;146;2,134;6,938;11,147;-25;-96;236.8;2016-12-05
2017-01-31;5,636;-3,828;1,807;322;866;-;2,866;3,938;5,024;3,574;15,702;1,12;-;152;2,106;6,17;10,312;1,018;-114;236.8;2017-03-22
2017-04-30;5,287;-3,66;1,627;201;1,155;-;2,878;4,278;5,022;3,548;15,995;1,224;-;166;2,241;6,132;10,386;431;-110;237.7;2017-06-04
2017-07-31;5,281;-3,653;1,628;234;693;-;2,929;3,815;5,025;3,525;15,532;1,196;-;166;2,085;5,595;9,672;245;-161;237.7;2017-09-04
2017-10-31;5,317;-3,651;1,666;240;400;-;3,398;3,973;5,024;3,503;15,73;1,181;-;166;2,04;5,557;9,614;-83;-178;237.7;2017-12-05
2018-02-01;6,361;-4,26;2,101;478;1,098;-;3,169;4,576;5,025;3,48;16,333;1,175;-;916;2,859;4,762;9,151;918;-183;237.7;2018-03-23
2018-05-01;5,554;-3,854;1,7;160;475;-;3,248;4,042;5,024;3,105;15,827;1,182;-;-;1,918;5,04;8,471;388;-181;237.9;2018-06-05
2018-08-01;5,526;-3,862;1,664;274;647;-;3,288;4,272;5,024;3,105;16,104;1,242;-;-;1,908;5,042;8,456;381;-214;237.9;2018-09-05
2018-11-01;5,539;-3,867;1,672;282;708;-;3,716;4,75;5,024;3,105;16,649;1,365;-;-;2,136;5,044;8,706;282;-228;237.9;2018-12-06
2019-02-01;6,205;-4,293;1,912;-2,307;422;-;3,536;4,293;2,297;3,1;13,501;1,416;-;-;2,095;4,265;7,858;715;-194;237.9;2019-03-23
2019-05-01;5,809;-4,082;1,727;268;726;-;3,326;4,247;2,296;3,1;19,354;1,187;-;750;3,98;3,517;13,598;614;-209;238.3;2019-06-05
2019-08-01;5,741;-4,092;1,649;180;623;-;3,471;4,341;2,296;3,1;19,494;1,455;-;750;4,094;3,519;13,628;230;-296;238.3;2019-09-05
2019-11-01;5,746;-4,042;1,705;256;434;-;3,883;4,573;2,297;3,1;19,742;1,473;-;750;4,18;3,52;13,621;171;-280;238.3;2019-12-06
2020-02-01;6,315;-4,355;1,961;123;539;-;3,522;4,269;1,983;3,1;19,575;1,337;-;250;3,547;3,522;13,32;855;-252;238.3;2020-03-22
2020-05-01;6,287;-4,492;1,795;248;1,755;-;3,199;5,166;1,981;3,1;20,472;1,337;-;1,05;4,504;3,223;13,951;959;-236;237.3;2020-06-05
2020-08-01;6,278;-4,361;1,916;261;1,75;-;3,276;5,233;1,983;3,1;20,671;1,481;-;800;4,279;3,224;13,857;478;-235;237.3;2020-09-05
2020-10-31;6,177;-4,253;1,924;330;1,118;-;3,792;5,17;1,983;3,1;20,652;1,587;-;300;4,043;3,225;13,691;297;-236;237.3;2020-12-05
2021-01-31;6,768;-4,615;2,153;503;1,417;-;3,427;5,051;1,984;3,1;20,696;1,481;-;-;3,731;3,226;13,411;983;-191;237.3;2021-03-22
2021-05-01;6,48;-4,513;1,967;375;1,474;-;3,605;5,305;1,986;3,1;21,051;1,521;-;-;3,903;3,228;13,639;556;-225;229;2021-06-05
2021-07-31;6,343;-4,479;1,864;282;721;-;3,668;4,649;1,985;3,1;20,445;1,56;-;-;3,724;3,23;13,434;180;-229;229;2021-09-04
2021-10-31;6,418;-4,652;1,766;217;701;-;4,316;5,374;1,985;3,1;21,39;1,985;-;-;4,291;3,231;14,146;283;-296;229;2021-12-05
2022-01-31;7,081;-4,94;2,14;454;985;-;4,367;5,609;1,984;3,1;21,722;1,884;-;-;4,177;3,417;14,003;413;-273;229;2022-03-22
2022-04-30;6,903;-4,56;2,343;536;1,219;-;4,801;6,283;1,984;3,1;22,372;1,794;-;-;4,29;3,418;14,131;539;-256;224.1;2022-06-04
2022-07-31;6,769;-4,641;2,128;360;689;-;5,422;6,377;1,984;3,1;22,676;2,011;-;-;4,38;3,419;14,28;-18;-277;224.1;2022-09-04
2022-10-31;6,94;-4,865;2,075;267;439;-;5,658;6,447;1,982;3,1;22,91;1,864;-;350;4,683;3,42;14,634;214;-393;224.1;2022-12-05
2023-01-31;7,721;-5,331;2,39;452;643;-;5,449;6,367;1,983;3,1;23,022;1,9;-;-;4,226;3,422;14,271;881;-328;224.1;2023-03-22
2023-04-30;7,324;-5,089;2,235;299;873;-;5,112;6,268;1,983;3,1;23,109;1,598;-;-;4,142;3,423;14,209;752;-353;219.5;2023-06-04
2023-07-31;7,325;-5,185;2,14;200;513;-;5,329;6,157;1,983;3,1;23,428;1,776;-;-;4,15;3,424;14,397;172;-428;219.5;2023-09-04
2023-10-31;7,315;-5,136;2,179;212;445;-;5,515;6,302;1,982;3,1;24,031;1,857;230;-;4,648;3,425;15,033;506;-541;219.5;2023-12-05
2024-02-01;8,64;-5,861;2,779;-1,71;685;-;5,113;6,133;914;2,15;22,024;2,064;-;-;4,697;3,426;14,71;1,255;-785;219.5;2024-03-22
2024-05-01;7,633;-5,279;2,354;300;619;-;5,009;6,082;913;2,15;22,11;2,267;-;-;4,756;3,428;14,798;696;-473;218.1;2024-06-05
2024-08-01;7,379;-5,158;2,221;132;570;-;5,102;6,092;913;2,15;22,617;2,236;250;1,001;5,999;2,429;15,237;307;-503;215.2;2024-09-05
2023-10-31;7,568;-5,224;2,344;233;697;-;5,535;6,631;912;2,15;23,332;2,945;-;1,001;6,413;2,43;15,696;785;-417;215.2;2024-12-02