date;revenue;cogs;gross_profit;net_profit;cash;acc_rec;inventory;curr_assets;goodwill;intangible_assets;total_assets;acc_pay;short_term_debt;current_debt;curr_liab;long_term_debt;total_liab;cash_from_operating_activities;capex;shares;real_date
1995-09-30;833;-193;640;49;224;568;426;1,398;-;42;1,846;156;-;162;902;64;1,127;-60;-17;466.4;1995-11-01
1995-12-31;861;-210;650;63;313;495;411;1,347;-;153;1,826;154;-;83;867;44;1,082;232;-21;466.4;1996-02-01
1996-03-31;764;-163;601;32;244;538;403;1,308;-;150;1,774;148;-;57;809;42;1,02;-13;-14;466.4;1996-05-02
1996-06-30;737;-164;573;31;255;434;453;1,291;-;147;1,779;175;-;106;823;22;1,025;14;-12;466.4;1996-08-19
1996-09-30;873;-200;673;56;203;621;468;1,452;-;142;1,942;148;-;154;948;20;1,147;-66;-18;474.2;1996-11-01
1996-12-31;942;-218;724;75;289;604;391;1,442;-;138;1,939;148;-;56;893;-;1,094;220;-13;474.2;1997-02-01
1997-03-31;791;-167;624;41;265;571;358;1,355;-;180;1,904;134;-;54;821;-;1,013;45;-28;474.2;1997-05-02
1997-06-30;776;-180;596;38;256;472;441;1,312;92;70;1,873;166;-;31;759;-;965;54;-24;474.2;1997-08-19
1997-09-30;901;-204;696;64;198;568;427;1,349;-;156;1,911;146;-;46;772;-;971;-34;-20;479;1997-11-01
1997-12-31;1,001;-229;772;87;293;570;422;1,45;-;494;2,39;161;-;310;1,165;-;1,378;216;-31;479;1998-02-01
1998-03-31;872;-195;676;47;283;557;424;1,437;499;72;2,484;152;-;7;859;405;1,45;58;-40;479;1998-05-02
1998-06-30;845;-191;654;44;278;498;513;1,455;496;67;2,513;209;-;12;837;425;1,456;18;-31;479;1998-08-19
1998-09-30;997;-230;767;72;204;686;498;1,548;493;62;2,604;166;-;29;882;426;1,479;-59;-19;482.4;1998-11-01
1998-12-31;1,091;-250;841;97;403;649;450;1,683;490;58;2,751;183;-;6;904;426;1,544;278;-29;482.4;1999-02-01
1999-03-31;965;-216;749;54;370;613;413;1,572;562;54;2,717;157;-;6;838;426;1,468;93;-35;482.4;1999-05-02
1999-06-30;909;-204;704;50;348;534;513;1,571;558;51;2,747;223;-;7;863;423;1,462;41;-35;482.4;1999-08-19
1999-09-30;1,094;-252;842;83;250;699;510;1,648;648;45;2,927;215;-;112;969;425;1,578;-49;-33;485;1999-11-01
1999-12-31;1,235;-283;952;114;348;687;464;1,696;665;41;3,021;228;-;7;952;422;1,57;294;-43;485;2000-02-01
2000-03-31;1,039;-231;808;60;368;607;445;1,609;664;36;2,957;189;-;7;853;422;1,473;100;-45;485;2000-05-02
2000-06-30;999;-207;792;57;320;550;546;1,618;708;31;3,043;237;-;7;902;418;1,523;98;-60;485;2000-08-19
2000-09-30;1,178;-263;914;95;234;726;522;1,703;706;26;3,138;222;-;7;930;418;1,557;-27;-39;484.4;2000-11-01
2000-12-31;1,339;-425;914;127;424;663;498;1,801;705;23;3,245;223;-;7;918;414;1,557;262;-49;484.4;2001-02-01
2001-03-31;1,104;-298;806;66;384;682;489;1,769;700;22;3,223;188;-;6;862;414;1,491;9;-46;484.4;2001-05-02
2001-06-30;988;-14;1,002;21;347;581;630;1,739;700;21;3,219;240;-;6;857;411;1,507;61;-59;484.4;2001-08-19
2001-09-30;1,195;-345;850;98;157;794;648;1,795;708;21;3,301;229;-;17;870;414;1,525;-104;-50;482.2;2001-11-01
2001-12-31;1,298;-343;955;93;442;664;561;1,866;688;19;3,357;153;-;6;869;407;1,534;366;-48;482.2;2002-02-01
2002-03-31;1,122;-318;803;51;469;677;515;1,854;687;19;3,35;192;-;5;864;404;1,516;104;-42;482.2;2002-05-02
2002-06-30;1,129;-267;863;-25;547;625;545;1,928;676;18;3,417;216;-;7;960;404;1,595;154;-63;482.2;2002-08-19
2002-09-30;1,236;-354;881;75;357;779;581;1,931;676;18;3,41;238;-;7;1,018;404;1,664;3;-36;469.4;2002-11-01
2002-12-31;1,407;-369;1,039;112;655;695;535;2,086;676;18;3,566;203;-;84;1,195;324;1,773;369;-35;469.4;2003-02-01
2003-03-31;1,234;-314;920;86;528;733;532;1,993;680;19;3,468;186;-;94;1,146;274;1,632;47;-36;469.4;2003-05-02
2003-06-30;1,219;-287;932;59;364;634;599;1,845;695;65;3,35;230;-;8;1,054;284;1,566;139;-62;469.4;2003-08-19
2003-09-30;1,347;-364;982;78;483;841;628;2,191;695;67;3,7;243;-;9;1,148;834;2,197;-47;-42;463.2;2003-11-01
2003-12-31;1,619;-413;1,206;131;870;768;574;2,459;671;70;3,97;233;-;5;1,315;828;2,382;430;-46;463.2;2004-02-01
2004-03-31;1,422;-359;1,063;102;868;787;575;2,473;672;66;3,942;226;-;5;1,283;836;2,301;167;-43;463.2;2004-05-02
2004-06-30;1,354;-329;1,025;77;612;665;654;2,2;672;72;3,708;267;-;74;1,322;462;1,975;123;-81;463.2;2004-08-19
2004-09-30;1,49;-408;1,083;96;387;902;713;2,268;681;71;3,774;261;-;78;1,366;473;2,038;-99;-38;457.2;2004-11-01
2004-12-31;1,736;-444;1,292;143;578;844;699;2,404;684;73;3,955;294;-;80;1,466;473;2,154;403;-72;457.2;2005-02-01
2005-03-31;1,525;-384;1,142;110;518;922;723;2,43;685;72;3,984;251;-;114;1,404;442;2,07;-9;-53;457.2;2005-05-02
2005-06-30;1,528;-368;1,161;70;553;777;768;2,302;721;72;3,886;249;-;264;1,498;451;2,193;183;-67;457.2;2005-08-19
2005-09-30;1,497;-420;1,078;64;390;915;815;2,48;629;71;3,968;255;-;254;1,541;445;2,234;-66;-46;434.8;2005-11-01
2005-12-31;1,784;-459;1,325;154;370;832;727;2,202;633;73;3,701;245;-;210;1,532;442;2,213;450;-58;434.8;2006-02-01
2006-03-31;1,578;-412;1,167;66;268;900;718;2,17;636;72;3,697;240;-;119;1,461;436;2,159;85;-66;434.8;2006-05-02
2006-06-30;1,605;-397;1,208;53;369;771;766;2,177;636;77;3,784;265;-;90;1,44;432;2,162;240;-91;434.8;2006-08-19
2006-09-30;1,594;-428;1,165;60;181;980;834;2,272;683;80;3,946;304;-;204;1,64;439;2,357;-71;-67;415.6;2006-11-01
2006-12-31;1,991;-499;1,492;211;252;1,005;783;2,327;684;79;4,042;287;-;190;1,718;439;2,426;378;-73;415.6;2007-02-01
2007-03-31;1,691;-426;1,265;95;202;965;806;2,266;684;78;4,014;273;-;141;1,648;1,033;2,949;144;-72;415.6;2007-05-02
2007-06-30;1,762;-422;1,341;89;254;861;856;2,24;651;113;4,126;315;-;60;1,501;1,028;2,927;211;-100;415.6;2007-08-19
2007-09-30;1,71;-456;1,254;38;211;1,062;969;2,528;901;-;4,613;315;-;396;1,772;1,062;3,39;-133;-79;394.2;2007-11-01
2007-12-31;2,309;-579;1,73;229;320;1,099;899;2,614;-;-;4,737;341;-;199;1,714;1,073;3,363;495;-82;394.2;2008-02-01
2008-03-31;1,88;-472;1,408;91;410;1,138;928;2,812;902;-;5,052;339;-;192;1,766;1,086;3,495;157;-90;394.2;2008-05-02
2008-06-30;2,012;-491;1,522;125;402;1,039;987;2,788;709;192;5,011;362;-;119;1,7;1,078;3,358;172;-108;394.2;2008-08-19
2008-09-30;1,904;-500;1,403;50;329;1,165;1,048;2,906;945;-;5,182;332;-;350;1,825;1,082;3,465;-196;-76;395.4;2008-11-01
2008-12-31;2,041;-508;1,533;161;729;1,034;897;3,081;747;181;5,322;310;-;249;1,681;1,406;3,668;413;-82;395.4;2009-02-01
2009-03-31;1,697;-446;1,25;28;641;1,032;820;2,897;736;173;5,119;276;-;141;1,443;1,403;3,468;90;-58;395.4;2009-05-02
2009-06-30;1,683;-427;1,256;-12;865;853;795;2,913;760;150;5,177;330;-;34;1,459;1,388;3,537;389;-64;395.4;2009-08-19
2009-09-30;1,833;-445;1,388;138;799;1,097;844;3,162;763;152;5,467;343;-;20;1,541;1,389;3,632;3;-45;401.4;2009-11-01
2009-12-31;2,262;-525;1,737;262;1,224;1,099;756;3,45;751;124;5,712;314;-;28;1,656;1,376;3,73;614;-59;401.4;2010-02-01
2010-03-31;1,86;-445;1,415;58;1,381;979;785;3,543;752;121;5,794;355;-;22;1,648;1,396;3,718;181;-57;401.4;2010-05-02
2010-06-30;1,84;-414;1,426;25;1,121;746;827;3,122;753;110;5,336;425;-;23;1,572;1,205;3,387;159;-109;401.4;2010-08-19
2010-09-30;2,092;-487;1,604;190;694;1,155;905;3,198;897;245;5,638;379;-;31;1,687;1,205;3,517;-39;-58;402.4;2010-11-01
2010-12-31;2,492;-537;1,955;346;1,043;1,173;867;3,515;900;242;5,982;349;-;26;1,751;1,205;3,595;547;-87;402.4;2011-02-01
2011-03-31;2,166;-482;1,684;125;1,099;1,25;889;3,711;874;232;6,197;374;-;145;1,976;1,083;3,688;220;-79;402.4;2011-05-02
2011-06-30;2,061;-425;1,636;43;1,253;946;996;3,687;877;228;6,274;447;-;138;1,943;1,08;3,645;299;-127;402.4;2011-08-19
2011-09-30;2,477;-534;1,942;279;720;1,379;982;3,563;877;222;6,135;424;-;142;1,97;1,073;3,66;-36;-81;397.0;2011-11-01
2011-12-31;2,738;-551;2,186;398;999;1,384;899;3,754;879;212;6,342;385;-;144;2,022;1,069;3,716;646;-101;397.0;2012-02-01
2012-03-31;2,248;-469;1,779;131;1,193;1,305;899;3,901;882;209;6,602;407;-;144;2,058;1,066;3,766;260;-90;397.0;2012-05-02
2012-06-30;2,251;-440;1,811;52;1,348;1,06;984;3,856;883;190;6,593;494;-;219;2,126;1,069;3,86;257;-149;397.0;2012-08-19
2012-09-30;2,55;-539;2,01;300;1,054;1,605;1,068;4,214;886;188;7,008;422;-;24;1,973;1,331;3,982;-125;-96;394.9;2012-11-01
2012-12-31;2,933;-568;2,365;449;1,323;1,531;994;4,341;889;185;7,17;346;-;26;2,052;1,33;4,047;780;-110;394.9;2013-02-01
2013-03-31;2,292;-443;1,849;179;1,439;1,362;989;4,286;890;181;7,095;388;-;20;1,915;1,329;3,901;279;-100;394.9;2013-05-02
2013-06-30;2,407;-474;1,933;96;1,496;1,172;1,114;4,298;882;170;7,145;482;-;18;1,934;1,326;3,858;292;-156;394.9;2013-08-19
2013-09-30;2,675;-544;2,131;302;1,322;1,567;1,196;4,633;885;167;7,521;462;-;16;1,988;1,325;3,925;30;-86;393.1;2013-11-01
2013-12-31;3,019;-582;2,437;435;1,748;1,501;1,146;4,925;890;163;7,841;493;-;16;2,039;1,323;3,973;753;-131;393.1;2014-02-01
2014-03-31;2,55;-499;2,051;214;1,53;1,399;1,215;4,691;892;160;7,646;513;-;18;2,039;1,328;3,979;387;-126;393.1;2014-05-02
2014-06-30;2,725;-534;2,192;258;1,629;1,379;1,294;4,825;893;157;7,869;525;-;18;2,057;1,325;4,014;366;-167;393.1;2014-08-19
2014-09-30;2,631;-537;2,094;229;1,395;1,502;1,257;4,728;894;154;7,664;516;-;14;1,942;1,319;3,884;128;-79;385.7;2014-11-01
2014-12-31;3,045;-573;2,471;438;1,241;1,399;1,112;4,426;993;216;7,857;495;-;69;2,045;1,321;4,039;866;-109;385.7;2015-02-01
2015-03-31;2,581;-503;2,078;273;1,288;1,35;1,073;4,429;1,147;330;8,095;498;-;135;2,098;1,318;4,24;391;-92;385.7;2015-05-02
2015-06-30;2,524;-488;2,036;154;1,021;1,175;1,216;4,184;1,145;327;8,227;635;-;30;2,13;1,595;4,584;558;-193;385.7;2015-08-19
2015-09-30;2,835;-577;2,258;311;409;1,539;1,177;4,384;1,145;322;8,425;515;-;454;2,455;1,613;4,935;8;-90;376.6;2015-11-01
2015-12-31;3,125;-589;2,536;448;868;1,411;1,077;4,476;1,147;317;8,582;527;-;374;2,478;1,607;4,978;954;-134;376.6;2016-02-01
2016-03-31;2,657;-504;2,152;267;556;1,417;1,151;4,253;1,225;352;8,816;573;-;313;2,434;1,613;5,005;354;-111;376.6;2016-05-02
2016-06-30;2,646;-511;2,136;95;914;1,258;1,263;4,224;1,228;345;9,223;717;-;332;2,682;1,91;5,651;473;-191;376.6;2016-08-19
2016-09-30;2,865;-596;2,269;296;664;1,624;1,296;4,401;1,229;340;9,348;546;-;592;2,712;1,908;5,691;-150;-85;373.0;2016-11-01
2016-12-31;3,208;-637;2,571;430;1,262;1,508;1,278;4,789;1,938;1,349;11,212;617;-;2,143;4,458;1,89;7,419;974;-123;373.0;2017-02-01
2017-03-31;2,857;-591;2,266;300;1,139;1,528;1,31;4,972;1,942;1,337;11,445;597;-;519;2,86;3,377;7,326;428;-108;373.0;2017-05-02
2017-06-30;2,894;-613;2,281;230;1,136;1,395;1,479;4,964;1,916;1,327;11,568;835;-;189;2,823;3,383;7,184;548;-188;373.0;2017-08-19
2017-09-30;3,274;-711;2,563;430;1,444;1,799;1,518;5,507;1,921;1,316;12,202;679;-;552;3,142;3,383;7,471;82;-116;375.7;2017-11-01
2017-12-31;3,744;-753;2,991;519;2,105;1,699;1,445;5,975;1,924;1,304;12,604;738;-;413;3,403;3,374;8,039;1,368;-147;375.7;2018-02-01
2018-03-31;3,37;-683;2,687;372;2,14;1,761;1,533;6,169;1,931;1,293;12,772;884;-;296;3,388;3,363;8,061;470;-105;375.7;2018-05-02
2018-06-30;3,295;-697;2,598;223;2,181;1,487;1,618;6,168;1,926;1,276;12,567;1,182;-;183;3,31;3,361;7,879;642;-261;375.7;2018-08-19
2018-09-30;3,524;-823;2,701;501;1,443;2,214;1,681;6,249;1,929;1,264;12,543;913;-;183;3,563;3,361;8,137;-119;-128;370.4;2018-11-01
2018-12-31;4,005;-910;3,095;583;1,876;2;1,651;6,44;1,911;1,233;12,676;995;-;18;3,776;3,373;8,37;1,392;-164;370.4;2019-02-01
2019-03-31;3,744;-819;2,925;557;2,902;2,036;1,814;7,16;1,865;1,215;12,931;1,068;-;516;4,231;2,883;8,343;483;-149;370.4;2019-05-02
2019-06-30;3,59;-835;2,755;158;2,987;1,831;2,006;7,212;1,868;1,203;13,156;1,49;-;516;4,605;2,896;8,77;761;-303;370.4;2019-08-19
2019-09-30;3,895;-908;2,987;598;2,259;2,294;2,055;7,022;1,868;1,191;15,431;1,071;-;520;4,59;2,886;10,901;-170;-125;366.9;2019-11-01
2019-12-31;4,624;-1,041;3,583;561;3,596;2,225;2,058;8,348;1,92;2,342;17,937;1,137;-;522;4,953;4,655;13,363;1,425;-166;366.9;2020-02-01
2020-03-31;3,345;-836;2,509;-4;4,876;1,846;2,087;9,233;1,633;2,19;18,363;1,162;-;1,527;5,681;4,668;14,034;690;-177;366.9;2020-05-02
2020-06-30;2,43;-767;1,663;-459;5,022;1,194;2,062;8,892;1,401;2,338;17,781;1,177;-;1,222;5,179;4,909;13,846;335;-155;366.9;2020-08-19
2020-09-30;3,562;-825;2,737;525;4,267;1,812;2,204;8,795;1,421;2,358;17,903;1,178;-;473;4,744;4,913;13,451;358;-116;368.2;2020-11-01
2020-12-31;4,853;-1,084;3,769;877;5,545;1,972;2,116;10,291;1,401;2,424;19,595;1,299;-;470;5,42;4,913;14,174;1,62;-134;368.2;2021-02-01
2021-03-31;3,864;-939;2,925;458;6,399;1,735;2,134;10,997;1,369;2,294;19,9;1,277;-;471;5,197;5,487;14,372;799;-136;368.2;2021-05-02
2021-06-30;3,936;-986;2,95;1,015;4,958;1,702;2,505;9,768;2,616;4,095;21,971;1,692;-;32;5,298;5,51;15,914;854;-251;368.2;2021-08-19
2021-09-30;4,392;-1,057;3,335;695;3,995;2,265;2,633;9,486;2,575;3,923;21,58;1,485;-;281;5,319;5,267;15,499;-81;-205;364.9;2021-11-01
2021-12-31;5,539;-1,223;4,316;1,09;4,603;2,079;2,612;9,955;2,572;3,883;22,078;1,639;-;272;5,762;5,259;15,86;1,927;-254;364.9;2022-02-01
2022-03-31;4,245;-994;3,251;573;3,836;2,209;2,83;9,5;2,591;3,638;21,359;1,47;-;269;5,414;5,188;15,209;123;-199;364.9;2022-05-02
2022-06-30;3,561;-1,031;2,53;50;3,957;1,629;2,92;9,298;2,521;3,428;20,91;1,822;-;268;5,815;5,144;15,32;1,071;-382;364.9;2022-08-19
2022-09-30;3,935;-1,024;2,911;490;2,938;2,156;3,018;8,866;2,415;3,19;19,989;1,392;-;266;5,271;5,107;14,472;-650;-152;360.9;2022-11-01
2022-12-31;4,621;-1,219;3,402;397;3,725;1,932;3,069;9,367;2,473;3,097;20,731;1,507;-;260;5,655;5,111;14,829;1,401;-267;360.9;2023-02-01
2023-03-31;3,755;-1,159;2,596;155;5,531;1,904;3,097;11,247;2,468;3,045;22,715;1,52;-;2,243;7,7;5,128;16,838;266;-241;360.9;2023-05-02
2023-06-30;3,626;-1,159;2,467;-32;4,029;1,452;2,979;9,139;2,486;5,602;23,415;1,67;-;997;6,24;7,084;17,83;714;-2,629;360.9;2023-08-19
2023-09-30;3,518;-1,07;2,448;36;3,09;1,909;2,863;8,585;2,455;5,515;22,65;1,257;-;1,005;5,914;7,088;17,308;-408;-295;360.8;2023-11-01
2023-12-31;4,28;-1,154;3,126;324;3,939;1,752;2,603;8,915;2,497;5,554;23,283;1,252;-;1,5;6,574;6,64;17,571;1,345;-232;360.8;2024-02-01
2024-03-31;3,94;-1,107;2,833;335;3,701;1,854;2,307;8,534;2,453;5,438;22,7;1,197;-;505;5,416;7,265;16,956;534;-175;360.8;2024-05-02
2024-06-30;3,871;-1,092;2,779;-286;3,395;1,727;2,175;7,922;2,143;5,183;21,677;1,44;-;504;5,702;7,239;16,363;889;-217;360.8;2024-08-19
2024-09-30;3,361;-928;2,433;-156;2,35;1,977;2,255;7,215;2,162;5,207;21,317;1,135;-;504;5,486;7,311;16,233;-670;-141;359.6;2024-10-28
2024-12-31;4,004;-957;3,047;-590;2,586;1,611;2,002;6,896;2,073;4,158;19,76;1,133;-;4;5,031;7,276;15,591;387;-273;360.0;2025-02-04