date;revenue;cogs;gross_profit;net_profit;cash;acc_rec;inventory;curr_assets;goodwill;intangible_assets;total_assets;acc_pay;short_term_debt;current_debt;curr_liab;long_term_debt;total_liab;cash_from_operating_activities;capex;shares;real_date
1999-03-31;1,043;-;1,043;24;336;226;200;1,068;-;-;10,385;319;225;406;1,21;3,218;8,014;302;-86;132.03;1999-05-05
1999-06-30;1,039;-;1,039;6;220;343;198;1,067;-;-;10,349;480;258;323;1,27;3,151;7,998;168;-79;132.03;1999-08-04
1999-09-30;1,241;-;1,241;37;335;332;205;1,176;-;-;10,265;335;251;530;1,443;2,947;7,897;140;-61;132.03;1999-11-04
1999-12-31;1,149;-;1,149;-10;255;310;173;1,07;24;-;9,688;347;278;622;1,57;2,372;7,347;4;-95;132.03;2000-02-14
2000-03-31;1,382;-;1,382;79;370;448;174;1,378;345;-;10,741;437;984;461;2,196;2,444;8,121;114;-68;142.97;2000-05-05
2000-06-30;1,415;-;1,415;16;302;488;172;1,448;337;-;10,762;548;1,104;591;2,532;2,211;8,245;153;-98;142.97;2000-08-04
2000-09-30;1,582;-;1,582;68;238;480;171;1,361;336;-;10,565;481;1,127;653;2,574;2,043;8,001;149;-91;142.97;2000-11-04
2000-12-31;1,497;-;1,497;56;200;473;164;1,151;324;-;10,217;539;1,31;340;2,589;2,03;7,847;183;-150;142.97;2001-02-14
2001-03-31;1,801;-;1,801;137;1,472;703;94;2,613;333;-;11,246;738;1,111;244;2,81;3,587;8,811;230;-101;135.92;2001-05-05
2001-06-30;1,339;-;1,339;49;198;784;103;1,39;325;-;10,161;685;455;24;1,424;4,049;7,922;-25;-114;135.92;2001-08-04
2001-09-30;1,531;-;1,531;36;131;698;104;1,266;335;-;10,292;635;437;24;1,446;4,049;8,042;194;-103;135.92;2001-11-04
2001-12-31;2,204;-;2,204;51;97;660;109;1,477;333;-;10,332;609;291;50;1,326;4,311;8,098;-97;-133;135.92;2002-02-14
2002-03-31;1,285;-;1,285;20;107;734;109;1,29;335;-;10,15;502;230;314;1,337;4,075;7,895;221;-97;129.34;2002-05-05
2002-06-30;1,142;-;1,142;30;94;844;121;1,384;332;-;10,315;655;290;52;1,285;4,275;8,055;126;-115;129.34;2002-08-04
2002-09-30;1,414;-;1,414;50;71;665;132;1,412;344;-;10,316;572;316;52;1,312;4,208;8,011;125;-115;129.34;2002-11-04
2002-12-31;1,396;-;1,396;57;67;767;120;1,531;321;25;10,765;776;56;57;1,344;4,186;8,438;143;-183;129.34;2003-02-14
2003-03-31;1,584;-;1,584;62;99;703;111;1,563;345;-;10,273;688;95;56;1,31;4,181;7,927;126;-97;127.24;2003-05-05
2003-06-30;1,33;-;1,33;28;57;626;124;1,428;344;-;10,42;653;63;58;1,182;4,282;8,089;86;-137;127.24;2003-08-04
2003-09-30;1,64;-;1,64;45;118;637;160;1,534;344;-;10,598;787;40;59;1,284;4,278;8,228;249;-148;127.24;2003-11-04
2003-12-31;1,515;-;1,515;-8;43;705;154;1,547;320;23;11,216;728;105;65;1,302;4,211;8,836;228;-176;127.24;2004-02-14
2004-03-31;1,838;-;1,838;69;147;727;122;1,943;320;22;11,539;840;10;68;1,51;4,247;9,089;317;-138;128.39;2004-05-05
2004-06-30;1,446;-;1,446;27;49;649;154;1,732;320;21;11,382;772;6;89;1,42;4,15;8,943;177;-165;128.39;2004-08-04
2004-09-30;1,625;-;1,625;-8;98;656;203;1,802;320;20;11,538;705;1;89;1,339;4,432;9,106;-65;-147;128.39;2004-11-04
2004-12-31;1,633;-;1,633;-13;47;771;185;1,72;320;-;11,638;825;180;91;1,545;4,336;9,225;32;-221;128.39;2005-02-14
2005-03-31;2,233;-;2,233;-112;74;833;143;1,978;291;3;12,079;874;267;84;1,953;4,279;9,791;189;-167;131.64;2005-05-05
2005-06-30;1,532;-;1,532;-37;55;701;177;1,801;291;-;11,951;809;177;45;1,711;4,444;9,732;89;-165;131.64;2005-08-04
2005-09-30;1,755;-;1,755;-98;86;764;205;2,749;291;-;12,929;888;308;40;2,692;4,398;10,782;74;-189;131.64;2005-11-04
2005-12-31;1,878;-;1,878;-14;46;902;207;2,377;288;-;12,568;972;32;23;1,975;4,378;10,022;88;-254;131.64;2006-02-14
2006-03-31;2,147;-;2,147;-19;36;545;135;2,674;288;-;12,135;691;270;27;2,065;3,997;9,64;43;-204;154.15;2006-05-05
2006-06-30;1,661;-;1,661;16;49;440;159;2,322;288;-;11,459;563;131;27;1,616;4,192;8,989;170;-177;154.15;2006-08-04
2006-09-30;1,586;-;1,586;107;50;332;176;2,19;288;-;11,493;512;278;26;1,616;4,189;8,903;167;-220;154.15;2006-11-04
2006-12-31;1,483;-;1,483;35;482;361;174;1,731;288;-;11,303;570;-;5;1,364;4,138;8,389;27;-272;154.15;2007-02-14
2007-03-31;1,704;-;1,704;78;215;363;139;1,458;288;-;11,036;504;-;4;808;4,348;8,103;-267;-228;155.30;2007-05-05
2007-06-30;1,392;-;1,392;47;139;310;186;1,306;288;-;11,126;505;-;154;1,066;4,22;8,186;229;-263;155.30;2007-08-04
2007-09-30;1,451;-;1,451;51;208;327;231;1,416;288;-;11,339;507;-;154;1,048;4,489;8,349;106;-259;155.30;2007-11-04
2007-12-31;1,276;-;1,276;75;15;401;211;1,286;288;-;11,582;599;79;154;1,207;4,401;8,552;186;-365;155.30;2008-02-14
2008-03-31;1,52;-;1,52;60;25;438;156;1,302;288;-;12,344;575;358;154;1,421;4,35;9,301;98;-288;156.00;2008-05-05
2008-06-30;1,325;-;1,325;59;12;584;229;1,393;288;-;12,709;569;87;54;1,113;4,893;9,654;184;-337;156.00;2008-08-04
2008-09-30;1,507;-;1,507;74;83;624;270;1,375;288;-;12,664;464;442;116;1,335;4,775;9,532;145;-327;156.00;2008-11-04
2008-12-31;1,448;-;1,448;73;90;699;300;1,506;288;-;13,988;679;619;54;1,704;4,79;10,852;229;-304;156.00;2009-02-14
2009-03-31;1,594;-;1,594;99;417;696;236;1,748;288;-;14,274;466;494;54;1,381;4,977;10,701;140;-209;172.72;2009-05-05
2009-06-30;1,224;-;1,224;84;481;558;259;1,626;288;-;14,128;441;494;66;1,32;4,909;10,51;368;-212;172.72;2009-08-04
2009-09-30;1,306;-;1,306;66;249;591;281;1,479;288;-;14,006;410;325;66;1,194;4,848;10,357;253;-214;172.72;2009-11-04
2009-12-31;1,315;-;1,315;86;27;513;277;1,267;288;-;14,058;503;100;66;979;4,935;10,364;228;-274;172.72;2010-02-14
2010-03-31;1,339;-;1,339;88;30;571;230;1,244;288;-;14,105;385;100;66;919;4,965;10,364;226;-203;176.89;2010-05-05
2010-06-30;1,111;-;1,111;73;89;496;226;1,214;288;-;14,23;390;157;66;965;4,95;10,455;308;-240;176.89;2010-08-04
2010-09-30;1,243;-;1,243;102;41;526;247;1,236;288;-;14,298;451;156;66;1,057;4,883;10,459;310;-235;176.89;2010-11-04
2010-12-31;1,204;-;1,204;131;23;524;244;1,506;288;-;14,473;492;267;66;1,345;4,814;10,545;250;-277;176.89;2011-02-14
2011-03-31;1,235;-;1,235;116;15;540;203;1,407;288;-;14,419;429;189;66;1,207;4,795;10,417;373;-237;177.80;2011-05-05
2011-06-30;1,048;-;1,048;79;15;471;231;1,339;288;-;14,442;448;137;337;1,476;4,503;10,411;314;-232;177.80;2011-08-04
2011-09-30;1,115;-;1,115;91;17;495;238;1,329;288;-;14,729;554;30;334;1,535;4,745;10,656;202;-281;177.80;2011-11-04
2011-12-31;1,068;-;1,068;115;7;488;249;1,358;288;-;15,647;633;317;332;1,948;4,727;11,518;82;-328;177.80;2012-02-14
2012-03-31;1,1;-;1,1;101;283;486;219;1,524;288;-;15,978;413;660;267;1,968;5,071;11,794;9;-304;277.99;2012-05-05
2012-06-30;1,629;-;1,629;46;28;662;263;1,954;3,518;-;27,506;601;1,249;683;3,491;7,097;18,283;312;-386;277.99;2012-08-04
2012-09-30;1,862;-;1,862;209;73;773;267;2,138;3,518;-;27,758;543;1,359;880;3,801;6,834;18,425;476;-391;277.99;2012-11-04
2012-12-31;1,684;-;1,684;177;46;793;268;2,228;3,519;-;28,303;764;1,12;763;3,643;7,282;18,91;365;-391;277.99;2013-02-14
2013-03-31;1,995;-;1,995;230;61;833;239;2,157;3,519;-;28,329;633;1,287;947;3,839;7,031;18,828;473;-389;316.21;2013-05-05
2013-06-30;1,636;-;1,636;173;36;789;281;2,051;3,519;-;28,197;532;795;888;3,082;7,651;18,635;296;-311;316.21;2013-08-04
2013-09-30;1,893;-;1,893;211;58;784;305;2,018;3,519;-;28,444;554;1,343;608;3,378;7,444;18,771;408;-374;316.21;2013-11-04
2013-12-31;1,778;-;1,778;179;43;765;303;2,087;3,519;-;27,796;742;1,093;533;3,275;7,777;18,028;487;-383;316.21;2014-02-14
2014-03-31;2,291;-;2,291;238;89;980;228;2,366;3,519;-;28,097;712;571;531;2,791;8,318;18,217;494;-349;317.42;2014-05-05
2014-06-30;1,678;-;1,678;129;34;808;282;2,069;3,519;-;27,79;562;905;396;2,804;8,147;17,881;403;-375;317.42;2014-08-04
2014-09-30;1,893;-;1,893;237;42;849;334;2,102;3,519;-;27,982;609;1,047;246;2,93;8,167;17,936;507;-394;317.42;2014-11-04
2014-12-31;1,881;-;1,881;224;39;856;350;2,693;3,519;-;29,74;868;957;246;3,135;8,568;19,608;248;-486;317.42;2015-02-14
2015-03-31;2,513;-;2,513;255;71;1,131;281;2,792;3,519;-;29,952;896;1,004;246;3,112;8,602;19,686;492;-363;318.43;2015-05-05
2015-06-30;1,817;-;1,817;209;36;904;290;2,45;3,519;-;29,88;599;954;279;2,84;8,69;19,539;374;-378;318.43;2015-08-04
2015-09-30;1,933;-;1,933;238;36;928;302;2,368;3,519;-;30,046;769;1,016;229;2,973;8,757;19,596;476;-437;318.43;2015-11-04
2015-12-31;1,691;-;1,691;184;24;775;336;2,618;3,519;-;30,58;814;1,161;229;2,99;8,806;20,073;92;-547;318.43;2016-02-14
2016-03-31;2,056;-;2,056;246;51;891;359;2,59;3,519;-;30,712;782;770;379;2,594;9,145;20,118;500;-432;318.45;2016-05-05
2016-06-30;1,767;-;1,767;206;39;806;293;2,416;3,519;-;30,883;766;767;179;2,304;9,436;20,218;478;-438;318.45;2016-08-04
2016-09-30;2,04;-;2,04;267;40;963;311;2,415;3,519;-;31,082;846;735;374;2,642;9,235;20,289;672;-490;318.45;2016-11-04
2016-12-31;1,777;-;1,777;231;30;847;329;2,478;3,519;-;32,053;885;1,149;774;3,64;8,829;21,186;558;-618;318.45;2017-02-14
2017-03-31;2,105;-;2,105;261;46;879;362;2,512;3,519;-;32,355;746;976;774;3,335;9,268;21,395;445;-524;318.03;2017-05-05
2017-06-30;1,763;-;1,763;233;25;834;286;2,331;3,519;-;32,659;587;938;1,484;3,786;8,899;21,618;450;-623;318.03;2017-08-04
2017-09-30;1,989;-;1,989;262;126;920;305;2,404;3,519;-;33,164;944;18;958;2,621;10,468;22,01;581;-495;318.03;2017-11-04
2017-12-31;1,896;-;1,896;239;38;925;223;2,487;4,427;-;36,22;1,085;1,088;550;3,589;11,776;24,979;520;-706;318.03;2018-02-14
2018-03-31;2,314;-;2,314;271;304;1,086;264;2,772;4,427;-;37,04;984;1,049;1,097;4,095;12,016;25,701;178;-607;317.99;2018-05-05
2018-06-30;1,865;-;1,865;245;64;968;172;2,278;4,427;-;37,244;1,01;1,191;418;3,529;12,614;25,816;520;-644;317.99;2018-08-04
2018-09-30;2,271;-;2,271;291;59;1,092;193;2,154;4,427;-;37,516;1,162;1,067;440;3,63;12,735;25,951;710;-633;317.99;2018-11-04
2018-12-31;2,023;-;2,023;238;108;994;238;2,292;4,427;-;38,241;1,12;910;890;4,113;12,832;26,599;423;-685;317.99;2019-02-14
2019-03-31;2,418;-;2,418;311;35;1,14;277;2,301;4,427;-;38,941;1,007;1,478;851;4,56;12,846;27,148;381;-628;322.94;2019-05-05
2019-06-30;1,887;-;1,887;33;21;964;174;2,131;4,427;-;38,996;903;729;825;3,512;13,601;26,886;543;-750;322.94;2019-08-04
2019-09-30;2,171;-;2,171;321;23;993;204;2,221;4,427;-;39,725;892;713;899;3,75;13,98;27,448;570;-751;322.94;2019-11-04
2019-12-31;2,047;-;2,047;252;15;989;235;2,413;4,427;-;41,124;1,148;889;373;3,606;14,311;28,338;515;-783;322.94;2020-02-14
2020-03-31;2,372;-;2,372;337;47;1,019;286;2,561;4,427;-;41,649;914;661;576;3,395;14,417;28,283;420;-726;339.85;2020-05-05
2020-06-30;1,951;-;1,951;254;65;996;176;2,406;4,427;-;42,039;952;494;744;3,326;14,216;28,078;585;-675;339.85;2020-08-04
2020-09-30;2,342;-;2,342;348;730;1,113;214;3,22;4,404;-;43,507;1,222;61;1,121;3,634;15,233;29,372;491;-701;339.85;2020-11-04
2020-12-31;2,237;-;2,237;274;107;1,196;266;3,131;4,446;-;46,1;1,371;1,249;1,101;4,915;15,623;31,88;186;-841;339.85;2021-02-14
2021-03-31;2,826;-;2,826;368;34;1,29;308;3,147;4,453;-;46,518;1,061;1,872;1,254;5,538;15,258;32,129;411;-689;344.63;2021-05-05
2021-06-30;2,123;-;2,123;266;217;1,224;188;3,268;4,454;-;47,235;1,061;2,003;843;5,105;16,327;32,767;396;-734;344.63;2021-08-04
2021-09-30;2,527;-;2,527;285;88;1,289;217;3,073;4,454;-;48,014;1,289;711;842;4,258;17,874;33,447;713;-788;344.63;2021-11-04
2021-12-31;2,465;-;2,465;309;67;1,226;268;3,271;4,477;-;48,492;1,672;1,505;1,24;5,846;17,477;33,737;442;-964;344.63;2022-02-14
2022-03-31;3,413;-;3,413;445;46;1,469;287;3,474;4,477;-;49,289;1,494;1,669;860;5,601;18,345;34,297;372;-765;347.25;2022-05-05
2022-06-30;2,566;-;2,566;294;30;1,346;262;3,268;4,478;-;49,916;1,354;99;1,309;4,262;20,016;34,703;470;-784;347.25;2022-08-04
2022-09-30;3,209;-;3,209;351;486;1,454;322;3,92;4,478;-;51,599;1,46;402;1,654;5,488;20,242;36,165;847;-804;347.25;2022-11-04
2022-12-31;3,029;-;3,029;322;375;1,517;374;4,223;4,523;-;53,231;2,114;1,442;1,367;6,799;20,134;37,602;712;-1,089;347.25;2023-02-14
2023-03-31;3,796;-;3,796;493;36;1,66;423;4,136;4,523;-;54,105;1,822;1,196;1,659;6,406;20,951;38,2;69;-977;349.84;2023-05-05
2023-06-30;2,629;-;2,629;17;42;1,332;406;3,721;4,523;-;54,54;1,55;556;2,106;5,795;22,161;38,83;578;-1,062;349.84;2023-08-04
2023-09-30;2,792;-;2,792;342;79;1,43;446;4,009;4,53;-;56,293;1,642;1,53;2,115;7,12;22,455;40,452;522;-1,086;349.84;2023-11-04
2023-12-31;2,69;-;2,69;-1,287;54;1,432;507;4,248;4,532;-;55,612;1,869;1,93;873;6,341;23,956;41,283;477;-1,211;349.84;2024-02-14
2024-03-31;3,333;-;3,333;524;259;1,593;555;4,881;4,532;-;57,322;1,664;2,103;909;6,368;25,275;42,623;291;-1,149;351.00;2024-05-05
2024-06-30;2,533;-;2,533;337;33;1,473;532;4,672;4,532;-;58,352;1,759;1,401;1,76;6,253;26,181;43,534;671;-1,248;353.42;2024-07-29
2024-09-30;3,063;-;3,063;-116;98;1,562;564;4,832;4,526;-;58,573;1,562;759;1,485;5,619;26,295;43,529;555;-894;359.82;2024-11-06
2024-12-31;2,971;-;2,971;74;26;1,651;594;5,076;3,571;-;59,594;1,736;2,042;1,046;6,72;25,701;44,555;642;-1,189;357.78;2025-02-17