date;revenue;cogs;gross_profit;net_profit;cash;acc_rec;inventory;curr_assets;goodwill;intangible_assets;total_assets;acc_pay;short_term_debt;current_debt;curr_liab;long_term_debt;total_liab;cash_from_operating_activities;capex;shares;real_date
1999-03-31;144;-;144;11;4;59;6;80;41;-;1,028;-;5;-;131;427;687;35;-16;52;1999-05-05
1999-06-30;121;-;121;8;4;54;7;75;40;-;1,025;-;9;-;126;425;681;16;-17;52;1999-07-28
1999-09-30;105;-;105;5;9;45;7;61;40;-;1,047;-;14;-;128;439;704;32;-44;52;1999-10-28
1999-12-31;135;-;135;6;11;64;17;92;39;-;1,239;-;93;11;230;538;895;2;-10;52;2000-02-09
2000-03-31;166;-;166;11;11;68;17;96;38;-;1,329;-;173;15;316;485;978;23;-19;56;2000-05-05
2000-06-30;143;-;143;12;7;61;18;137;38;-;1,322;-;164;9;306;497;965;19;-22;56;2000-07-28
2000-09-30;126;-;126;7;11;59;17;139;37;-;1,338;-;165;9;318;496;978;30;-20;56;2000-10-28
2000-12-31;145;-;145;9;18;77;17;166;36;-;1,479;-;34;12;224;728;1,066;27;-96;56;2001-02-09
2001-03-31;179;-;179;16;13;91;19;177;35;-;1,606;-;155;12;331;680;1,18;12;-19;60;2001-05-05
2001-06-30;157;-;157;17;18;81;15;120;35;-;1,518;-;145;16;251;685;1,087;17;-26;60;2001-07-28
2001-09-30;138;-;138;13;12;67;17;96;34;-;1,563;-;180;17;295;674;1,12;39;-59;60;2001-10-28
2001-12-31;154;-;154;11;14;102;18;134;33;-;1,625;-;130;21;272;796;1,175;27;-46;60;2002-02-09
2002-03-31;183;-;183;16;16;114;17;147;33;-;1,683;-;159;18;300;766;1,221;20;-47;64;2002-05-05
2002-06-30;167;-;167;18;64;106;16;186;33;-;1,76;-;115;19;250;792;1,198;33;-63;64;2002-07-28
2002-09-30;170;-;170;20;38;122;16;176;56;-;1,861;-;110;19;261;856;1,283;45;-43;64;2002-10-28
2002-12-31;196;-;196;15;26;136;18;180;60;26;1,987;-;157;24;334;941;1,401;37;-76;64;2003-02-09
2003-03-31;235;-;235;21;28;164;18;210;60;25;2,08;-;244;28;436;927;1,488;25;-33;68;2003-05-05
2003-06-30;206;-;206;22;34;142;17;193;65;24;2,067;-;118;28;286;934;1,344;36;-33;68;2003-07-28
2003-09-30;191;-;191;21;79;131;17;227;65;23;2,153;-;88;30;267;1,023;1,419;54;-51;68;2003-10-28
2003-12-31;211;-;211;18;65;94;16;192;65;22;2,164;-;104;38;295;1,031;1,426;41;-90;68;2004-02-09
2004-03-31;251;-;251;23;45;111;17;203;65;21;2,214;-;55;33;241;1,031;1,413;22;-28;104;2004-05-05
2004-06-30;255;-;255;28;51;158;29;277;515;20;3,88;-;1,058;36;1,364;1,178;2,729;48;-51;104;2004-07-28
2004-09-30;304;-;304;30;40;148;28;216;514;19;3,726;-;851;37;1,158;1,176;2,419;111;-70;104;2004-10-28
2004-12-31;337;-;337;28;37;191;30;294;514;18;3,938;-;193;36;538;1,904;2,618;92;-130;104;2005-02-09
2005-03-31;382;-;382;40;64;190;30;304;514;18;4,001;-;155;37;516;1,901;2,525;79;-159;103;2005-05-05
2005-06-30;365;-;365;40;27;183;30;262;515;17;4,089;-;138;32;451;1,956;2,587;50;-105;103;2005-07-28
2005-09-30;342;-;342;39;19;184;29;249;513;16;4,11;-;55;31;386;2,026;2,586;100;-104;103;2005-10-28
2005-12-31;353;-;353;24;33;204;19;299;512;14;4,597;-;49;31;412;2,455;3,384;75;-79;103;2006-02-09
2006-03-31;391;-156;235;38;22;214;36;316;512;13;4,376;-;69;31;410;2,172;2,819;49;-111;109;2006-05-05
2006-06-30;346;-124;222;39;27;194;22;288;512;12;4,381;-;79;29;386;2,214;2,801;58;-117;109;2006-07-28
2006-09-30;342;-114;228;41;61;207;26;344;551;11;4,607;-;71;33;421;2,254;2,882;96;-118;109;2006-10-28
2006-12-31;393;-146;247;39;41;286;33;405;661;10;5,441;-;98;85;558;2,878;4,043;59;-154;109;2007-02-09
2007-03-31;483;-215;268;44;43;269;32;413;658;9;5,499;-;54;76;513;2,837;3,944;94;-138;157;2007-05-05
2007-06-30;566;-243;323;47;64;471;178;896;1,554;8;9,831;-;306;514;1,622;4,749;7,161;68;-196;157;2007-07-28
2007-09-30;651;-272;379;38;51;423;278;960;1,545;7;10,006;-;403;262;1,467;5,066;7,332;59;-216;157;2007-10-28
2007-12-31;1,018;-558;461;85;58;635;207;1,038;1,544;15;10,273;-;475;436;1,804;4,943;7,55;152;-254;157;2008-02-09
2008-03-31;1,146;-668;478;96;67;792;100;1,051;1,549;13;10,376;-;442;494;1,827;4,931;7,582;193;-174;170;2008-05-05
2008-06-30;848;-439;409;32;59;736;192;1,087;1,55;12;10,529;-;279;338;1,659;5,024;7,514;232;-222;170;2008-07-28
2008-09-30;727;-320;407;58;68;458;308;993;1,559;10;10,637;-;440;377;1,645;5,1;7,599;27;-250;170;2008-10-28
2008-12-31;1,182;-685;497;86;66;681;229;1,15;1,575;273;11,166;-;410;240;1,697;5,204;7,773;209;-289;170;2009-02-09
2009-03-31;1,202;-707;495;98;94;735;91;1,201;1,587;262;11,848;-;261;236;1,568;5,37;8,385;229;-219;172;2009-05-05
2009-06-30;756;-319;437;61;137;449;134;986;1,573;260;11,737;-;170;185;1,299;5,528;8,27;275;-277;172;2009-07-28
2009-09-30;665;-253;412;44;106;357;211;918;1,563;264;11,727;-;336;130;1,288;5,564;8,28;63;-267;172;2009-10-28
2009-12-31;1,02;-520;500;89;85;595;178;1,124;1,56;286;12,139;-;415;224;1,592;5,596;8,599;114;-261;172;2010-02-09
2010-03-31;1,073;-552;521;107;92;604;138;1,17;1,555;276;12,26;-;233;336;1,581;5,416;8,456;201;-188;175;2010-05-05
2010-06-30;834;-367;467;66;71;517;144;1,02;1,562;272;12,329;-;219;158;1,308;5,685;8,489;204;-244;175;2010-07-28
2010-09-30;716;-260;456;56;64;443;202;1,053;1,557;270;12,508;-;341;158;1,443;5,696;8,661;129;-271;175;2010-10-28
2010-12-31;1,034;-507;527;94;109;655;168;1,204;1,553;324;12,909;-;358;56;1,517;5,929;9,012;198;-370;175;2011-02-09
2011-03-31;1,159;-603;556;128;86;700;88;1,109;1,549;325;12,977;-;259;55;1,445;5,921;8,988;302;-232;189;2011-05-05
2011-06-30;846;-358;488;72;298;589;108;1,235;1,548;327;13,177;-;157;321;1,495;5,699;8,847;231;-286;189;2011-07-28
2011-09-30;699;-246;453;70;108;469;194;1,063;1,56;332;13,255;-;242;91;1,329;5,824;8,854;151;-286;189;2011-10-28
2011-12-31;1,034;-490;544;96;87;638;134;1,132;1,565;325;14,214;-;159;110;1,305;5,685;9,479;231;-367;189;2012-02-09
2012-03-31;1,149;-566;583;133;110;696;76;1,1;1,563;324;14,294;-;76;124;1,288;5,78;9,481;328;-229;193;2012-05-05
2012-06-30;792;-291;501;77;231;509;107;1,027;1,57;324;14,431;-;81;97;1,125;5,878;9,59;255;-282;193;2012-07-28
2012-09-30;714;-235;479;59;147;410;157;869;1,566;322;14,438;-;97;97;1,126;5,847;9,593;221;-283;193;2012-10-28
2012-12-31;999;-430;569;102;154;587;133;1,093;1,568;325;14,95;-;136;166;1,35;5,741;9,85;188;-352;193;2013-02-09
2013-03-31;1,113;-505;608;145;168;675;78;1,087;1,585;319;15,155;-;89;88;1,181;5,933;9,933;283;-253;214;2013-05-05
2013-06-30;790;-282;508;70;267;591;138;1,237;2,077;361;17,633;-;99;208;1,393;6,985;11,826;270;-302;214;2013-07-28
2013-09-30;915;-311;604;69;155;523;172;1,083;2,064;356;17,57;-;111;376;1,451;6,75;11,653;113;-266;214;2013-10-28
2013-12-31;1,173;-474;699;118;72;732;143;1,296;2,075;345;17,908;-;160;787;2,084;6,424;11,907;230;-354;214;2014-02-09
2014-03-31;1,455;-679;776;154;528;865;75;1,714;2,097;340;18,59;-;663;744;2,542;6,421;12,451;265;-237;276;2014-05-05
2014-06-30;1,056;-403;653;63;612;628;127;1,576;2,074;340;18,586;-;699;721;2,484;6,443;12,463;321;-298;276;2014-07-28
2014-09-30;1,197;-406;791;32;458;782;347;3,243;3,652;458;26,74;-;1,564;1,109;4,175;10,886;19,954;62;-340;276;2014-10-28
2014-12-31;1,693;-709;984;136;230;900;321;1,787;3,732;461;26,233;-;330;733;2,676;9,911;17,542;334;-850;276;2015-02-09
2015-03-31;1,915;-833;1,082;220;299;945;272;2,068;3,942;508;27,986;-;362;686;2,71;10,637;18,843;447;-554;282;2015-05-05
2015-06-30;1,538;-531;1,007;278;797;814;287;2,76;3,908;523;28,069;-;161;894;2,71;10,648;18,782;469;-644;282;2015-07-28
2015-09-30;1,566;-533;1,033;179;347;796;349;2,337;4,075;546;28,637;-;397;568;2,6;10,8;19,003;360;-516;282;2015-10-28
2015-12-31;1,738;-694;1,044;163;242;926;337;1,857;4,173;541;28,804;-;511;410;2,638;10,784;18,924;397;-561;282;2016-02-09
2016-03-31;1,772;-707;1,065;188;232;877;271;1,707;4,005;528;28,016;-;477;423;2,491;10,478;18,297;483;-426;285;2016-05-05
2016-06-30;1,485;-488;997;142;296;834;292;1,694;4,018;539;28,623;-;234;442;2,147;11,144;18,772;448;-433;285;2016-07-28
2016-09-30;1,528;-503;1,025;158;301;837;337;1,785;4,058;549;29,191;-;423;145;2,318;11,624;19,523;478;-522;285;2016-10-28
2016-12-31;2,094;-684;1,41;225;269;1,127;372;2,166;12,364;1,011;47,904;-;1,155;327;3,944;20,817;33,307;475;-680;402;2017-02-09
2017-03-31;2,274;-754;1,52;337;298;1,133;320;2,152;12,261;1,015;48,049;-;545;1,166;4,156;20,277;32,838;541;-709;421;2017-05-05
2017-06-30;2,015;-524;1,491;312;231;1,106;355;2,063;11,991;1,04;47,581;-;568;1,254;4,08;19,926;32,267;649;-719;421;2017-07-28
2017-09-30;1,901;-478;1,423;321;252;1,047;382;2,075;11,588;1,051;46,845;-;668;1,062;3,962;19,495;31,721;800;-706;421;2017-10-28
2017-12-31;2,111;-605;1,506;323;327;1,131;367;2,207;11,644;1,081;47,822;-;209;752;3,504;20,691;32,819;766;-890;421;2018-02-09
2018-03-31;2,197;-729;1,468;334;333;1,021;322;2,238;11,927;1,105;49,083;-;39;1,002;3,526;21,267;33,594;589;-685;429;2018-05-05
2018-06-30;1,947;-507;1,44;292;197;947;346;2,069;12,15;1,165;50,249;-;69;1,083;3,508;21,572;34,235;682;-792;429;2018-07-28
2018-09-30;2,04;-574;1,466;322;195;937;368;2,133;11,939;1,165;50,244;-;39;976;3,601;21,533;34,26;796;-788;429;2018-10-28
2018-12-31;2,206;-685;1,521;294;332;1,08;398;3,261;12,53;1,2;53,051;-;60;1,178;4,252;23,159;36,518;522;-953;429;2019-02-09
2019-03-31;2,436;-833;1,603;356;233;1,452;368;3,225;12,298;1,178;52,805;-;169;1,473;2,375;22,611;36,278;547;-740;463;2019-05-05
2019-06-30;1,97;-496;1,474;765;191;1,17;369;2,125;12,092;1,156;51,699;-;305;611;1,564;22,23;34,44;640;-843;463;2019-07-28
2019-09-30;2,051;-522;1,529;324;228;1,118;389;2,202;12,21;1,222;52,8;-;383;653;1,725;22,598;35,419;857;-1,013;463;2019-10-28
2019-12-31;2,326;-669;1,657;407;370;1,07;394;2,574;12,004;1,26;53,404;-;512;714;1,806;21,501;34,873;634;-1,124;463;2020-02-09
2020-03-31;2,391;-750;1,641;353;272;1,308;376;2,472;12,876;1,356;57,019;-;421;1,28;4,48;23,111;37,301;590;-1,162;467;2020-05-05
2020-06-30;2,077;-514;1,563;324;380;1,229;409;2,481;12,482;1,341;56,205;-;25;1,09;3,499;23,561;36,68;725;-775;467;2020-07-28
2020-09-30;2,121;-572;1,549;336;494;1,232;458;2,75;12,273;1,332;56,41;-;27;1,062;3,775;23,813;37,288;686;-861;467;2020-10-28
2020-12-31;2,346;-726;1,62;376;249;1,102;422;2,612;11,792;1,291;55,481;-;132;1,254;4,148;23,113;36,784;700;-1,241;467;2021-02-09
2021-03-31;2,539;-849;1,69;396;317;1,408;394;2,77;11,659;1,281;55,614;-;235;1,276;4,255;23,089;36,842;739;-804;475;2021-05-05
2021-06-30;2,13;-593;1,537;296;599;1,37;415;3,031;11,526;1,274;55,895;-;269;723;3,48;23,942;36,942;740;-790;475;2021-07-28
2021-09-30;2,196;-624;1,572;342;225;1,436;530;2,918;11,755;1,303;57,137;-;244;630;3,808;24,382;37,987;711;-818;475;2021-10-28
2021-12-31;2,583;-885;1,698;371;131;1,269;478;2,728;11,72;1,343;57,659;-;247;1,628;4,802;23,707;38,371;717;-974;475;2022-02-09
2022-03-31;2,835;-1,083;1,752;393;365;1,693;408;3,076;11,613;1,345;58,202;-;320;1,535;4,853;24,053;38,832;813;-915;488;2022-05-05
2022-06-30;2,487;-797;1,69;330;338;1,657;533;3,183;11,911;1,394;59,954;-;413;1,743;4,987;24,557;39,786;759;-885;488;2022-07-28
2022-09-30;2,553;-804;1,749;371;395;1,808;690;3,827;12,687;1,477;64,084;-;232;2,57;6,143;25,929;42,96;633;-951;488;2022-10-28
2022-12-31;3,168;-1,268;1,9;420;209;1,759;661;4,269;12,464;1,548;64,252;-;253;2,481;6,617;25,931;43,222;869;-1,114;488;2023-02-09
2023-03-31;3,319;-1,312;2,007;484;576;1,876;569;4,161;12,433;1,511;64,63;-;361;2,362;6,15;26,466;43,363;915;-954;490;2023-05-05
2023-06-30;2,594;-787;1,807;346;690;1,58;534;4,257;12,183;1,492;64,081;-;80;2,284;5,414;26,808;42,702;944;-982;490;2023-07-28
2023-09-30;2,719;-773;1,946;445;765;1,648;588;4,522;12,455;1,515;66,285;-;78;2,774;6,368;27,17;44,593;940;-983;490;2023-10-28
2023-12-31;2,885;899;1,986;435;625;1,627;566;4,025;12,184;1,51;65,92;2,972;119;2,296;5,964;27,235;42,588;746;-1,25;490;2024-02-09
2024-03-31;3,118;-1,009;2,109;512;569;1,909;547;3,99;12,425;1,537;67,584;-;126;3,116;6,605;27,363;43,569;768;-1,113;491.6;2024-04-29
2024-06-30;2,67;-713;1,957;387;561;1,787;596;3,917;12,538;1,555;68,772;2,376;68;2,63;5,681;28,671;44,115;814;-1,112;494.2;2024-07-29
2024-09-30;2,771;-737;2,034;478;896;1,69;607;4,213;12,416;1,555;69,642;3,098;97;1,866;5,727;29,708;45,249;1,338;-1,248;496.2;2024-11-04