date;revenue;cogs;gross_profit;net_profit;cash;acc_rec;inventory;curr_assets;goodwill;intangible_assets;total_assets;acc_pay;short_term_debt;current_debt;curr_liab;long_term_debt;total_liab;cash_from_operating_activities;capex;shares;real_date
1995-02-01;13;0;13;1;12;1;-;16;-;72;141;-;-;11;15;109;138;5;-1;9.084;1995-03-08
1995-05-01;12;0;12;1;16;1;-;20;-;69;140;-;-;12;16;105;135;6;0;9.084;1995-06-05
1995-08-01;12;0;11;-2;22;1;-;27;-;67;143;-;-;17;22;98;134;3;0;9.084;1995-09-05
1995-12-31;11;0;11;0;19;4;-;26;-;60;137;-;-;12;18;96;129;3;0;9.084;1996-02-29
1996-03-31;11;0;11;-1;23;-;-;29;-;58;135;-;-;13;20;93;127;4;0;10.858;1996-05-05
1996-06-30;11;0;11;-1;20;-;-;25;-;58;131;-;-;13;19;89;123;4;0;10.858;1996-08-04
1996-09-30;11;0;11;0;14;-;-;21;-;56;123;-;-;13;16;84;115;0;0;10.858;1996-11-04
1996-12-31;42;-21;21;-5;43;57;101;250;-;1,66;2,116;95;-;43;273;271;957;2;-1;10.858;1997-03-01
1997-03-31;280;-159;121;3;42;53;113;249;-;1,643;2,099;110;-;15;243;269;935;30;-9;112.244;1997-05-05
1997-06-30;266;-150;116;3;31;54;127;250;-;1,627;2,084;87;-;10;206;292;913;-13;-7;112.244;1997-08-04
1997-09-30;326;-156;170;3;106;98;156;407;-;1,962;2,637;211;-;11;351;429;1,196;1;-14;112.244;1997-11-04
1997-12-31;390;-181;209;6;116;97;151;421;-;1,973;2,671;185;-;13;360;448;1,223;30;-15;112.244;1998-03-01
1998-03-31;523;-255;269;38;162;283;400;910;-;6,125;7,713;212;-;35;834;1,863;5,821;60;-19;297.012;1998-05-05
1998-06-30;703;-345;358;13;136;284;397;882;-;6,584;8,182;272;-;57;884;1,285;5,715;81;-18;297.012;1998-08-04
1998-09-30;641;-346;294;17;292;286;445;1,087;-;6,45;8,267;250;-;69;1,074;748;5,81;5;-27;297.012;1998-11-04
1998-12-31;767;-577;191;87;445;372;422;1,296;-;6,443;8,316;258;-;221;853;1,186;5,745;90;-12;297.012;1999-03-01
1999-03-31;729;-416;313;82;509;368;415;1,371;-;6,418;8,397;220;-;242;853;1,154;5,783;60;-16;367.927;1999-05-05
1999-06-30;847;-392;455;19;257;451;419;1,198;-;6,694;8,714;260;-;358;1,095;1,091;6,05;129;-37;367.927;1999-08-04
1999-09-30;828;-427;400;40;386;392;489;1,307;-;6,975;9,158;249;-;267;994;856;6,373;60;-35;367.927;1999-11-04
1999-12-31;833;-633;200;29;423;442;462;1,397;-;6,876;9,233;285;-;276;1,016;831;6,463;86;-21;367.927;2000-02-29
2000-03-31;1,042;-611;430;38;480;512;478;1,595;-;7,151;9,604;298;-;316;1,187;822;6,871;161;-26;359.688;2000-05-05
2000-06-30;1,134;-676;458;24;457;560;478;1,617;-;7,869;10,462;319;-;284;1,174;818;6,924;86;-37;359.688;2000-08-04
2000-09-30;1,11;-669;441;57;359;619;595;1,716;-;7,92;10,611;295;-;335;1,201;865;7,109;1;-40;359.688;2000-11-04
2000-12-31;1,311;-801;509;-160;244;646;404;1,527;-;7,621;10,474;361;-;309;1,174;848;7,034;-74;-58;359.688;2001-03-01
2001-03-31;821;-553;267;-69;309;677;395;1,592;-;7,584;10,58;337;-;324;1,178;866;7,126;127;-29;374.101;2001-05-05
2001-06-30;862;-575;287;-59;632;727;388;2,036;-;7,576;10,811;357;-;293;1,278;830;7,269;117;-20;374.101;2001-08-04
2001-09-30;838;-571;267;-95;900;1,282;446;2,91;-;7,494;11,688;373;-;335;1,662;871;7,694;182;-40;374.101;2001-11-04
2001-12-31;949;-633;316;-67;978;264;197;2,372;3,07;390;6,527;399;-;34;993;544;2,582;265;-38;374.101;2002-03-01
2002-03-31;959;-605;354;5;1,71;668;402;3,217;7,53;913;13,025;437;-;263;1,868;842;7,751;-5;-28;426.317;2002-05-05
2002-06-30;1,107;-674;433;-84;3,22;292;195;4,344;5,502;908;14,409;518;-;41;1,608;507;6,601;278;-45;426.317;2002-08-04
2002-09-30;1,185;-706;479;-9;675;317;217;3,875;6,295;888;14,702;566;-;36;1,687;508;6,926;186;-34;426.317;2002-11-04
2002-12-31;1,33;-791;539;137;1,998;308;193;4,624;5,998;1,425;15,659;609;-;25;1,555;1,211;7,728;-150;-7;426.317;2003-03-01
2003-03-31;1,387;-787;600;-76;2,593;383;192;4,624;6,498;1,73;16,22;597;-;17;1,813;1,189;7,484;397;-34;643.331;2003-05-05
2003-06-30;1,527;-840;687;86;3,143;376;204;5,851;7,333;1,894;18,514;645;-;2;1,99;1,192;7,488;462;-53;643.331;2003-08-04
2003-09-30;1,61;-884;727;31;2,418;392;258;5,376;10,785;2,179;21,748;927;-;1;2,063;1,124;7,017;204;-43;643.331;2003-11-04
2003-12-31;-700;-262;-438;-24;760;273;216;4,216;5,325;1,276;21,568;373;-;2;1,878;1,118;7,153;126;-8;643.331;2004-02-29
2004-03-31;1,433;-690;742;45;1,491;458;217;4,933;11,263;2,597;22,243;993;-;3;2,306;1,134;7,659;608;-34;371.212;2004-05-05
2004-06-30;563;-470;93;31;1,212;453;230;4,71;11,429;2,579;22,164;1,021;-;6;2,427;1,106;7,708;363;-65;371.212;2004-08-04
2004-09-30;957;-545;412;35;1,124;493;273;4,388;11,598;2,499;22,034;990;-;5;2,147;1,122;7,56;396;-21;371.212;2004-11-04
2004-12-31;1,235;-691;545;-53;1;354;241;5,117;5,362;1,132;22,399;436;-;563;2,892;797;7,794;-127;-36;371.212;2005-03-01
2005-03-31;1,132;-633;500;27;1,951;589;248;6,074;11,267;2,373;23,225;1,185;-;724;3,63;786;8,632;532;-37;356.618;2005-05-05
2005-06-30;1,372;-770;601;410;2,492;611;388;6,564;11,741;2,597;21,784;1,258;-;790;4,871;794;7,539;389;-80;356.618;2005-08-04
2005-09-30;1,221;-588;633;42;909;498;429;4,785;7,357;1,654;14,71;579;-;817;2,709;963;5,237;-623;-58;356.618;2005-11-04
2005-12-31;1,691;-871;820;120;987;427;336;4,17;7,222;1,558;13,918;574;-;375;2,233;959;4,687;383;-41;356.618;2006-03-01
2006-03-31;1,353;-677;677;45;1,086;509;343;3,928;7,341;1,533;13,744;591;-;378;2,144;882;4,471;109;-59;319.535;2006-05-05
2006-06-30;1,432;-719;713;57;1,061;486;365;3,657;7,352;1,492;13,43;659;-;371;2,202;858;4,506;261;-51;319.535;2006-08-04
2006-09-30;1,404;-706;698;64;1,069;546;426;3,463;7,259;1,515;13,171;666;-;344;2,142;872;4,435;142;-54;319.535;2006-11-04
2006-12-31;1,72;-879;841;-2;1,428;412;326;3,959;6,85;1,464;13,197;559;-;358;2,267;856;4,457;315;19;319.535;2007-03-01
2007-03-31;1,47;-767;703;70;1,221;584;392;3,685;7,024;1,437;13,115;692;-;432;1,859;835;4,1;40;-51;142.843;2007-05-05
2007-06-30;-851;-518;-333;-82;1,026;460;348;3,105;7,026;1,407;12,922;589;-;246;1,619;812;3,795;365;-52;142.843;2007-08-04
2007-09-30;335;-141;195;4;1,379;516;402;3,125;6,966;1,444;12,861;698;-;177;1,654;823;3,83;194;25;142.843;2007-11-04
2007-12-31;379;-165;214;2;1,585;117;-;3,426;1,824;402;12,591;42;-;12;1,734;835;4,007;272;-35;142.843;2008-02-29
2008-03-31;371;-130;240;-3;1,234;508;351;2,809;6,794;1,522;12,569;808;-;93;1,732;850;4,055;150;-16;143.976;2008-05-05
2008-06-30;354;-107;247;-85;1,432;428;348;2,826;6,415;1,344;12,028;744;-;78;1,596;835;3,839;158;-20;143.976;2008-08-04
2008-09-30;369;-120;250;-1;1,342;118;-;1,768;1,911;411;5,083;60;-;-;404;96;930;115;-16;143.976;2008-11-04
2008-12-31;351;-120;231;221;1,745;98;-;2,185;1,91;387;5,251;49;-;-;280;96;824;-303;-8;143.976;2009-03-01
2009-03-31;332;-113;219;-30;1,793;92;-;2,325;1,895;391;5,374;54;-;-;313;96;867;48;-9;138.599;2009-05-05
2009-06-30;340;-105;236;43;1,608;90;-;2,151;1,842;383;5,263;50;-;-;298;96;861;54;-10;138.599;2009-08-04
2009-09-30;337;-106;231;24;1,406;92;-;2,084;1,917;392;5,184;43;-;-;267;96;854;43;-10;138.599;2009-11-04
2009-12-31;338;-106;232;-993;1,246;93;-;2,001;968;261;3,914;38;-;-;290;96;1,167;178;-5;138.599;2010-03-01
2010-03-31;378;-131;247;-15;952;109;-;1,8;1,01;258;3,771;58;-;-;309;96;908;56;-12;106.274;2010-05-05
2010-06-30;394;-141;254;15;915;105;-;1,725;1,044;264;3,715;43;-;-;327;96;968;73;-12;106.274;2010-08-04
2010-09-30;413;-148;265;23;902;113;-;1,631;1,047;262;3,612;43;-;-;318;96;961;73;-8;106.274;2010-11-04
2010-12-31;451;-174;277;-33;742;120;-;1,544;989;245;3,329;56;-;-;356;96;1,279;131;-8;106.274;2011-03-01
2011-03-31;460;-173;288;20;849;132;-;1,568;1,075;248;3,432;58;-;-;405;96;1,335;53;-8;94.321;2011-05-05
2011-06-30;485;-182;304;46;623;127;-;1,149;1,077;246;3,43;47;-;-;405;96;1,339;101;-11;94.321;2011-08-04
2011-09-30;517;-189;328;68;679;154;-;1,124;1,338;398;3,379;59;-;-;493;96;1,453;108;-8;94.321;2011-11-04
2011-12-31;597;-218;379;42;704;177;-;1,159;1,359;378;3,41;64;-;-;533;96;1,505;102;-13;94.321;2012-02-29
2012-03-31;641;-224;417;31;624;182;-;1,078;1,356;373;3,352;58;-;16;525;80;1,497;59;-10;93.089;2012-05-05
2012-06-30;681;-237;443;48;807;205;-;1,279;1,346;367;3,546;72;-;16;610;80;1,603;146;-11;93.089;2012-08-04
2012-09-30;715;-262;452;46;502;221;-;989;1,557;491;3,583;87;-;16;625;80;1,634;117;-12;93.089;2012-11-04
2012-12-31;765;-268;497;44;750;230;-;1,157;1,616;483;3,806;98;-;16;625;580;2,15;29;-19;93.089;2013-03-01
2013-03-31;742;-256;486;53;674;235;-;1,056;1,674;479;3,78;78;-;-;591;580;2,144;95;-34;86.742;2013-05-05
2013-06-30;799;-273;527;59;679;236;-;1,071;1,664;466;3,812;83;-;-;611;580;2,181;136;-14;86.742;2013-08-04
2013-09-30;757;-249;508;92;742;210;-;1,13;1,673;458;3,805;73;-;-;602;580;2,07;96;-16;86.742;2013-11-04
2013-12-31;725;-200;525;79;1,1;207;-;1,475;1,675;445;4,235;78;-;-;587;1,08;2,548;83;-16;86.742;2014-03-01
2014-03-31;740;-209;531;34;1,003;241;-;1,471;1,716;472;4,224;68;-;-;601;1,08;2,515;43;-10;88.558;2014-05-05
2014-06-30;756;-211;546;-18;987;223;-;1,477;1,721;470;4,167;59;-;-;588;1,08;2,495;106;-17;88.558;2014-08-04
2014-09-30;782;-226;556;150;932;235;-;1,455;1,799;511;4,238;75;-;-;654;1,08;2,263;146;-12;88.558;2014-11-04
2014-12-31;831;-214;617;68;990;236;-;1,536;1,755;492;4,257;81;-;-;674;1,08;2,265;129;-18;88.558;2015-03-01
2015-03-31;773;-192;581;22;672;232;-;1,294;1,721;470;3,958;83;-;-;625;1,08;2,205;-4;-13;88.267;2015-05-05
2015-06-30;771;-183;588;58;656;223;-;1,323;1,779;472;4,075;79;-;80;715;1,01;2,26;89;-14;88.267;2015-08-04
2015-09-30;839;-205;633;65;766;247;-;1,246;1,769;460;4,027;68;-;-;653;1,01;2,182;98;-18;88.267;2015-11-04
2015-12-31;849;-198;651;-31;1,481;250;-;1,944;2,245;441;5,189;87;-;40;768;1,727;3,384;222;-17;88.267;2016-02-29
2016-03-31;819;-194;626;8;1,239;235;-;1,885;2,199;427;5,052;97;-;65;777;1,661;2,987;39;-16;80.045;2016-05-05
2016-06-30;745;-170;575;-191;1,246;189;-;1,792;1,938;395;4,66;62;-;50;693;1,655;2,846;44;-19;80.045;2016-08-04
2016-09-30;764;-179;585;52;1,19;199;-;1,8;1,943;382;4,671;72;-;-;702;1,641;2,807;111;-28;80.045;2016-11-04
2016-12-31;811;-213;599;114;1,329;220;-;1,842;1,924;355;4,646;63;-;20;714;1,582;2,777;150;-15;80.045;2017-03-01
2017-03-31;761;-146;615;28;1,397;219;-;1,887;1,914;327;4,619;83;-;5;679;1,572;2,771;68;-11;85.31;2017-05-05
2017-06-30;767;-139;628;81;1,522;220;-;2,013;1,924;339;4,786;66;-;-;684;1,573;2,821;90;-31;85.31;2017-08-04
2017-09-30;828;-166;662;226;1,255;271;-;1,726;2,502;660;5,541;105;-;-;835;1,649;3,112;140;-15;85.31;2017-11-04
2017-12-31;951;-200;751;86;1,631;304;-;2,125;2,559;664;5,868;77;-;14;800;1,979;3,438;119;-19;85.31;2018-03-01
2018-03-31;995;-202;793;88;1,658;325;-;2,224;2,601;653;6,031;80;-;14;829;1,981;3,536;152;-15;91.322;2018-05-05
2018-06-30;1,059;-218;841;281;1,645;344;-;2,347;2,578;636;6,235;79;-;14;846;1,982;3,659;228;-25;91.322;2018-08-04
2018-09-30;1,105;-237;867;162;1,671;347;-;2,473;2,572;624;6,372;76;-;14;893;1,984;3,772;292;-20;91.322;2018-11-04
2018-12-31;-626;-156;-469;-239;2,132;279;-;2,763;2,727;631;6,875;75;-;14;884;2,246;4,031;-302;5;91.322;2019-03-01
2019-03-31;641;-140;501;-14;2,217;346;-;2,829;2,746;608;7,16;84;-;14;909;2,332;4,38;3;-16;90.043;2019-05-05
2019-06-30;689;-150;539;22;3,152;365;-;3,914;2,893;628;8,299;104;-;14;953;3,139;5,316;106;-40;90.043;2019-08-04
2019-09-30;705;-158;547;18;2,946;356;-;3,684;2,853;604;8,305;101;-;14;1,036;3,112;5,408;83;-18;90.043;2019-11-04
2019-12-31;475;-100;375;55;840;182;-;1,229;1,617;350;4,097;72;-;14;585;232;1,562;60;-22;90.043;2020-02-29
2020-03-31;627;-161;466;-318;2,029;208;-;2,482;1,817;452;5,591;91;-;14;664;229;1,674;39;-15;85.355;2020-05-05
2020-06-30;659;-156;503;-86;2,448;205;-;3,288;1,819;428;6,372;99;-;14;705;225;1,724;36;-12;85.355;2020-08-04
2020-09-30;713;-185;528;188;3,472;227;-;4,205;1,768;394;8,48;96;-;14;780;715;2,286;93;-14;85.355;2020-11-04
2020-12-31;765;-249;516;507;3,366;258;-;4,119;1,66;395;9,162;89;-;-;751;712;2,564;-13;-20;85.355;2021-03-01
2021-03-31;787;-229;558;319;3,916;293;-;4,385;1,854;388;9,736;93;-;-;777;706;3,048;54;-20;86.222;2021-05-05
2021-06-30;830;-259;570;203;3,476;256;-;3,889;1,637;363;9,289;116;-;-;642;494;2,11;141;-19;86.222;2021-08-04
2021-09-30;924;-331;593;61;3,405;323;-;3,913;1,66;350;9,428;118;-;-;749;494;2,219;33;-30;86.222;2021-11-04
2021-12-31;1,159;-505;655;8;2,119;696;-;3,077;3,227;1,415;12,303;203;-;30;1,381;2,046;5,127;-91;-21;86.222;2022-03-01
2022-03-31;1,325;-528;798;-241;1,853;593;-;2,784;3,221;1,357;11,894;184;-;30;1,331;2,04;4,974;13;-31;86.35;2022-05-05
2022-06-30;1,363;-505;858;-875;1,796;633;-;2,738;3,099;1,302;10,749;154;-;30;1,313;2,033;4,759;-21;-43;86.35;2022-08-04
2022-09-30;1,301;-452;849;-66;1,607;588;-;2,481;3,008;1,283;10,442;158;-;30;1,085;2,026;4,538;-94;-39;86.35;2022-11-04
2022-12-31;1,247;-416;830;-13;1,417;608;-;2,561;3,03;1,17;10,394;133;-;30;1,08;2,02;4,462;19;-27;86.35;2023-03-01
2023-03-31;1,084;-342;743;415;1,399;538;-;2,38;3,031;1,116;10,754;115;-;30;999;2,013;4,487;25;-22;86.464;2023-05-05
2023-06-30;1,112;-353;759;-92;1,327;522;-;2,199;3,033;1,062;10,549;128;-;30;1,035;2,006;4,432;103;-86;86.464;2023-08-04
2023-09-30;1,111;-342;769;-392;1,252;519;-;2,212;3,022;1,001;10,018;144;-;30;1,024;2,001;4,277;14;-19;86.464;2023-11-04
2023-12-31;1,058;-305;753;327;1,297;537;-;2,241;3,024;875;10,371;106;-;30;950;1,993;4,293;47;-15;86.464;2024-02-29