date;revenue;cogs;gross_profit;net_profit;cash;acc_rec;inventory;curr_assets;goodwill;intangible_assets;total_assets;acc_pay;short_term_debt;current_debt;curr_liab;long_term_debt;total_liab;cash_from_operating_activities;capex;shares;real_date
2010-03-31;1,383;-823;559;242;406;1,106;1,134;2,998;-;546;6,128;453;-;38;1,254;1,308;3,313;220;-88;1271.60;2010-05-10
2010-06-30;1,495;-833;662;297;281;987;1,058;2,654;-;526;5,737;500;-;19;1,132;1,453;3,351;521;-78;1271.60;2010-08-09
2010-09-30;1,394;-810;584;244;308;969;1,054;2,728;-;549;5,935;502;-;26;1,139;1,456;3,423;370;-80;1271.60;2010-11-09
2010-12-31;1,421;-794;627;246;401;950;1,114;3,123;-;544;6,381;521;-;53;1,459;1,51;3,761;427;-104;1271.60;2011-03-01
2011-03-31;1,528;-890;638;281;437;1,164;1,172;3,205;-;699;6,713;571;-;183;1,587;1,527;3,925;142;-87;1272.95;2011-05-10
2011-06-30;1,929;-1,058;871;430;271;1,412;1,233;3,347;-;833;7,142;723;-;342;1,702;1,573;4,114;284;-126;1272.95;2011-08-09
2011-09-30;1,898;-1,027;871;439;384;1,351;1,269;3,461;-;778;7,249;672;-;1,138;2,47;841;4,177;499;-161;1272.95;2011-11-09
2011-12-31;1,712;-937;776;374;330;1,328;1,411;3,443;-;746;7,283;665;-;367;1,753;1,558;4,206;344;-141;1272.95;2012-02-29
2012-03-31;1,499;-901;598;290;173;1,28;1,397;3,247;-;749;7,136;616;-;242;1,767;1,307;4,001;321;-146;1270.12;2012-05-10
2012-06-30;1,907;-1,066;840;408;167;1,403;1,286;3,247;-;724;7,195;628;-;375;1,557;1,419;3,923;376;-214;1270.12;2012-08-09
2012-09-30;1,763;-991;772;396;352;1,216;1,27;3,176;-;731;7,263;574;-;423;1,6;1,275;3,834;716;-212;1270.12;2012-11-09
2012-12-31;1,303;-802;501;209;206;1,035;1,406;3,063;-;735;7,345;640;-;552;1,809;1,145;3,98;314;-151;1270.12;2013-03-01
2013-03-31;1,64;-982;659;306;231;1,261;1,39;3,27;-;768;7,666;665;-;571;1,988;1,176;4,167;192;-184;1270.41;2013-05-10
2013-06-30;1,77;-1,052;718;317;239;1,238;1,354;3,215;-;769;7,756;707;-;814;2,095;1,045;4,12;425;-203;1270.41;2013-08-09
2013-09-30;1,445;-939;507;78;309;1,032;1,37;3,077;-;782;7,799;654;-;864;2,149;1,115;4,245;394;-215;1270.41;2013-11-09
2013-12-31;1,416;-889;527;120;188;1,057;1,408;3,042;-;791;7,974;669;-;718;1,96;1,311;4,32;116;-247;1270.41;2014-03-01
2014-03-31;1,613;-1,049;563;132;248;1,263;1,334;3,232;-;820;8,344;660;-;881;2,293;1,824;5,163;167;-239;1270.46;2014-05-10
2014-06-30;1,536;-993;542;68;178;1,274;1,351;3,187;-;825;8,436;639;-;859;2,2;2,057;5,307;120;-208;1270.46;2014-08-09
2014-09-30;1,56;-982;578;181;177;1,168;1,277;3,327;-;733;8,422;563;-;815;2,161;2,088;5,331;283;-207;1270.46;2014-11-09
2014-12-31;1,403;-890;513;85;131;1,039;1,335;3,14;-;803;8,348;585;-;603;2,003;2,304;5,374;318;-181;1270.46;2015-03-01
2015-03-31;1,403;-957;446;217;165;1,11;1,236;2,96;-;806;8,14;560;-;798;2,196;1,955;5,253;65;-150;1272.26;2015-05-10
2015-06-30;1,196;-860;336;75;231;882;1,201;2,701;-;1,028;8,192;572;-;559;1,811;2,339;5,215;326;-155;1272.26;2015-08-09
2015-09-30;1,379;-891;488;122;212;883;1,184;2,684;-;1,031;8,194;544;-;501;1,66;2,46;5,189;124;-164;1272.26;2015-11-09
2015-12-31;1,427;-894;533;92;161;1,082;1,364;2,985;-;1,185;9,077;716;-;673;2,046;2,805;6,049;58;-150;1272.26;2016-02-29
2016-03-31;1,265;-899;366;59;123;969;1,444;2,931;-;1,219;9,303;717;-;683;2,105;2,96;6,242;222;-187;1273.30;2016-05-10
2016-06-30;1,377;-960;417;111;158;980;1,361;2,907;-;1,265;9,323;753;-;495;1,911;3,187;6,246;238;-154;1273.30;2016-08-09
2016-09-30;1,383;-922;461;-347;157;1,117;1,351;2,907;-;862;8,961;801;-;477;2,064;3,153;6,347;249;-153;1273.30;2016-11-09
2016-12-31;1,338;-922;416;5;87;966;1,267;2,571;-;824;8,552;644;-;588;2,023;2,796;5,978;257;-138;1273.30;2017-03-01
2017-03-31;1,295;-937;358;61;81;968;1,248;2,704;-;829;8,633;695;-;590;2,078;2,791;6,03;195;-106;1277.01;2017-05-10
2017-06-30;1,322;-907;415;55;79;930;1,276;2,7;-;844;8,712;717;-;782;2,185;2,663;6,056;199;-113;1277.01;2017-08-09
2017-09-30;1,44;-970;470;82;109;1,056;1,208;2,778;-;839;8,856;694;-;801;2,245;2,658;6,067;176;-98;1277.01;2017-11-09
2017-12-31;1,361;-932;429;149;83;932;1,226;2,725;-;722;8,714;790;-;822;2,328;2,388;5,855;272;-140;1277.01;2018-03-01
2018-03-31;1,404;-973;431;926;798;1,014;1,255;3,441;-;732;9,57;736;-;642;2,126;2,503;5,766;36;-127;1279.78;2018-05-10
2018-06-30;1,371;-913;458;98;155;1,074;1,208;2,793;-;688;8,731;777;-;616;2,073;1,886;5,021;164;-121;1279.78;2018-08-09
2018-09-30;1,371;-913;458;127;102;1,001;1,225;2,681;-;672;8,643;686;-;671;1,994;1,721;4,868;196;-145;1279.78;2018-11-09
2018-12-31;1,41;-903;507;84;121;990;1,29;2,788;-;671;8,776;715;-;610;2,009;1,815;4,995;229;-179;1279.78;2019-03-01
2019-03-31;1,415;-914;501;141;103;1,071;1,254;2,779;-;664;9,117;616;-;638;1,939;1,772;5,22;173;-131;1282.06;2019-05-10
2019-06-30;1,425;-917;508;158;137;1,071;1,245;2,838;-;662;9,242;670;-;598;1,876;1,905;5,303;239;-141;1282.06;2019-08-09
2019-09-30;1,325;-853;472;134;96;979;1,205;2,695;-;641;9,113;691;-;476;1,779;1,861;5,212;368;-147;1282.06;2019-11-09
2019-12-31;1,106;-770;336;48;95;778;1,312;2,684;-;652;9,173;712;-;420;1,761;1,93;5,248;212;-157;1282.06;2020-02-29
2020-03-31;1,319;-919;400;61;434;939;1,256;3,131;-;652;9,548;757;-;606;2,043;2,353;5,645;166;-139;1280.27;2020-05-10
2020-06-30;1,203;-883;320;-166;323;831;1,202;2,864;-;634;9,226;720;-;544;1,891;2,297;5,504;177;-161;1280.27;2020-08-09
2020-09-30;1,204;-839;365;59;216;813;1,233;2,748;-;645;9,266;669;-;614;1,967;2,125;5,475;203;-143;1280.27;2020-11-09
2020-12-31;1,317;-912;405;70;214;883;1,25;2,841;-;670;9,664;740;-;679;2,177;1,792;5,734;258;-183;1280.27;2021-03-01
2021-03-31;1,51;-1,015;495;142;157;1,056;1,195;2,988;-;709;9,72;752;-;617;2,158;2,121;5,72;206;-147;1287.05;2021-05-10
2021-06-30;1,617;-1,047;570;150;318;1,097;1,207;3,238;-;725;10,08;801;-;630;2,145;2,212;5,879;242;-151;1287.05;2021-08-09
2021-09-30;1,79;-1,101;689;242;301;1,21;1,409;3,461;-;927;10,572;885;-;597;2,278;2,426;6,244;273;-128;1287.05;2021-11-09
2021-12-31;2,038;-1,181;857;298;473;1,418;1,57;3,909;-;867;11,08;1,064;-;577;2,612;2,2;6,553;344;-185;1287.05;2022-03-01
2022-03-31;2,525;-1,28;1,245;657;439;1,898;1,673;4,458;-;889;11,664;1,078;-;506;2,689;2,402;6,581;325;-131;1289.95;2022-05-10
2022-06-30;2,88;-1,341;1,539;585;426;1,812;1,857;4,757;-;867;11,778;1,132;-;466;2,878;2,291;6,625;627;-220;1289.95;2022-08-09
2022-09-30;2,519;-1,204;1,315;635;498;1,672;1,982;4,605;-;825;11,598;1,066;-;481;2,632;2,29;6,288;606;-184;1289.95;2022-11-09
2022-12-31;2,091;-1,158;933;342;417;1,583;2,134;4,548;-;852;11,75;1,006;-;512;2,606;2,312;6,286;467;-212;1289.95;2023-03-01
2023-03-31;2,098;-1,27;828;294;552;1,631;2,116;4,744;-;867;12,045;967;-;704;2,735;2,278;6,414;382;-164;1290.67;2023-05-10
2023-06-30;1,834;-1,189;645;167;372;1,38;2,006;4,257;-;872;11,584;893;-;674;2,431;2,117;5,914;391;-170;1290.67;2023-08-09
2023-09-30;1,862;-1,276;586;142;307;1,387;1,722;3,94;-;851;11,274;814;-;592;2,286;1,984;5,61;407;-191;1290.67;2023-11-09
2023-12-31;1,69;-1,13;560;84;420;1,376;1,703;4,034;-;873;11,627;912;-;858;2,638;1,829;5,59;415;-255;1290.67;2024-02-29