date;revenue;cogs;gross_profit;net_profit;cash;acc_rec;inventory;curr_assets;goodwill;intangible_assets;total_assets;acc_pay;short_term_debt;current_debt;curr_liab;long_term_debt;total_liab;cash_from_operating_activities;capex;shares;real_date
2005-03-31;1,729;-1,287;442;71;130;1,191;1,279;3,004;-;62;4,717;756;-;1,252;2,543;112;3,546;-10;-51;84.62;2005-05-10
2005-06-30;1,859;-1,419;440;24;178;1,212;1,319;3,104;-;60;4,807;735;-;794;2,076;634;3,597;130;-48;84.62;2005-08-09
2005-09-30;1,776;-1,4;376;-48;127;1,119;1,219;2,819;-;57;4,561;637;-;310;1,572;628;3,156;242;-52;84.62;2005-11-09
2005-12-31;1,786;-1,431;355;-101;136;1,065;1,068;2,506;-;53;4,341;694;-;172;1,509;644;3,102;262;-100;84.62;2006-03-01
2006-03-31;1,836;-1,399;437;83;88;1,042;1,04;2,486;-;50;4,269;618;-;96;1,384;639;2,95;36;-37;84.19;2006-05-10
2006-06-30;1,751;-1,32;431;78;135;1,029;1,098;2,529;-;45;4,259;604;-;107;1,317;618;2,865;61;-44;84.19;2006-08-09
2006-09-30;1,691;-1,329;362;38;182;984;1,099;2,512;-;47;4,224;552;-;65;1,241;620;2,81;149;-66;84.19;2006-11-09
2006-12-31;1,666;-1,356;310;3;171;924;1,047;2,475;-;41;4,205;602;-;84;1,223;632;2,802;163;-120;84.19;2007-03-01
2007-03-31;1,711;-1,315;396;92;213;1,001;1,076;2,562;-;41;4,287;611;-;38;1,224;623;2,787;107;-47;84.62;2007-05-10
2007-06-30;1,727;-1,332;395;-58;200;983;1,112;2,603;-;40;4,35;625;-;66;1,366;595;2,912;112;-64;84.62;2007-08-09
2007-09-30;1,705;-1,335;370;74;154;834;964;2,345;-;38;4,13;516;-;36;1,088;609;2,622;121;-59;84.62;2007-11-09
2007-12-31;1,465;-1,165;300;4;189;809;895;2,243;-;33;3,984;487;-;59;1,068;601;2,586;130;-114;84.62;2008-02-29
2008-03-31;1,535;-1,158;377;104;307;914;932;2,558;-;32;4,29;525;-;198;1,221;596;2,737;42;-34;83.20;2008-05-10
2008-06-30;1,765;-1,343;422;56;183;1,08;1,047;2,758;-;143;4,85;616;-;251;1,366;826;3,302;85;-66;83.20;2008-08-09
2008-09-30;1,814;-1,41;404;59;244;1,051;1,129;2,825;-;130;4,975;601;-;313;1,529;829;3,408;182;-69;83.20;2008-11-09
2008-12-31;1,462;-1,205;257;-48;249;725;1,048;2,423;-;145;4,592;484;-;168;1,3;930;3,269;183;-173;83.20;2009-03-01
2009-03-31;1,054;-857;197;-14;283;613;945;2,182;-;150;4,366;365;-;87;1,076;983;3,068;125;-52;83.20;2009-05-10
2009-06-30;1,238;-977;261;17;954;679;821;2,766;-;159;4,985;391;-;71;964;1,634;3,626;164;-57;83.20;2009-08-09
2009-09-30;1,373;-1,05;323;23;873;750;819;2,765;-;192;5,122;435;-;128;1,033;1,567;3,714;154;-52;83.20;2009-11-09
2009-12-31;1,392;-1,072;320;13;715;733;849;2,686;-;196;5,068;486;-;94;1,119;1,377;3,636;122;-114;83.20;2010-03-01
2010-03-31;1,613;-1,219;394;105;613;905;949;2,883;-;202;5,319;511;-;109;1,234;1,418;3,774;-6;-39;83.20;2010-05-10
2010-06-30;1,828;-1,354;474;131;437;1,024;1,099;2,974;-;214;5,549;595;-;74;1,373;1,337;3,941;71;-60;83.20;2010-08-09
2010-09-30;1,847;-1,387;460;119;582;941;1,096;3,034;-;202;5,58;552;-;146;1,323;1,327;3,885;206;-107;83.20;2010-11-09
2010-12-31;1,832;-1,421;411;26;524;942;1,094;2,928;-;226;5,666;664;-;176;1,451;1,302;3,92;234;-295;83.20;2011-03-01
2011-03-31;2,073;-1,551;522;167;494;1,141;1,142;3,118;-;238;5,837;636;-;181;1,475;1,309;3,936;30;-68;83.20;2011-05-10
2011-06-30;2,243;-1,704;539;181;595;1,227;1,364;3,532;-;355;6,588;764;-;587;2,023;1,393;4,57;212;-109;83.20;2011-08-09
2011-09-30;2,336;-1,805;531;154;589;1,237;1,491;3,614;-;350;6,744;736;-;599;2,092;1,385;4,679;161;-148;83.20;2011-11-09
2011-12-31;2,123;-1,705;418;5;528;1,146;1,386;3,389;-;373;6,878;766;-;633;2,089;1,465;4,82;299;-354;83.20;2012-02-29
2012-03-31;2,388;-1,796;592;192;560;1,301;1,446;3,645;-;365;7,141;755;-;604;2,092;1,535;4,932;129;-92;83.20;2012-05-10
2012-06-30;2,424;-1,834;590;175;234;1,33;1,588;3,487;-;358;7,016;715;-;267;1,686;1,729;4,773;-49;-137;83.20;2012-08-09
2012-09-30;2,159;-1,699;460;92;302;1,147;1,601;3,366;-;393;6,965;654;-;236;1,545;1,704;4,669;344;-152;83.20;2012-11-09
2012-12-31;2,123;-1,659;464;50;797;1,117;1,527;3,772;-;390;7,519;795;-;167;1,63;2,167;5,205;414;-315;83.20;2013-03-01
2013-03-31;2,095;-1,7;395;24;529;1,244;1,641;3,754;-;399;7,603;710;-;191;1,588;2,2;5,242;-160;-93;83.20;2013-05-10
2013-06-30;2,141;-1,736;405;8;371;1,212;1,527;3,448;-;388;7,268;657;-;740;1,973;1,681;5,093;93;-159;83.20;2013-08-09
2013-09-30;2,05;-1,662;388;11;518;1,136;1,388;3,359;-;372;7,111;651;-;723;1,902;1,661;4,976;378;-146;83.20;2013-11-09
2013-12-31;2,014;-1,654;360;-211;533;1,07;1,299;3,219;-;323;6,811;690;-;668;1,882;1,649;4,916;330;-226;83.20;2014-03-01
2014-03-31;2,043;-1,626;417;24;528;1,176;1,363;3,394;-;318;6,998;659;-;858;2,108;1,578;5,11;9;-108;88.47;2014-05-10
2014-06-30;2,019;-1,579;440;54;570;1,152;1,477;3,479;-;319;7,196;694;-;316;1,591;1,774;4,875;178;-154;88.47;2014-08-09
2014-09-30;2,04;-1,639;401;35;516;1,155;1,527;3,455;-;321;7,36;688;-;206;1,622;1,78;4,999;201;-112;88.47;2014-11-09
2014-12-31;1,904;-1,574;330;-69;518;1,015;1,384;3,149;-;320;7,25;799;-;182;1,642;1,698;5,091;409;-240;88.47;2015-03-01
2015-03-31;2,038;-1,595;443;21;451;1,213;1,414;3,33;-;322;7,678;833;-;154;1,836;1,731;5,614;33;-56;91.52;2015-05-10
2015-06-30;2,105;-1,62;485;87;432;1,183;1,411;3,313;-;313;7,422;829;-;111;1,631;1,719;5,144;119;-73;91.52;2015-08-09
2015-09-30;1,953;-1,498;455;41;431;1,061;1,415;3,201;-;289;7,217;719;-;107;1,579;1,671;5,039;190;-100;91.52;2015-11-09
2015-12-31;1,806;-1,441;365;18;466;956;1,349;3,039;-;300;7,219;779;-;443;1,96;1,258;4,909;350;-205;91.52;2016-02-29
2016-03-31;1,92;-1,459;461;53;333;1,082;1,339;3,034;-;289;7,14;702;-;327;1,779;1,258;4,858;48;-49;91.52;2016-05-10
2016-06-30;1,943;-1,466;477;83;652;1,112;1,332;4,095;-;297;8,3;683;-;323;1,733;1,258;5,981;180;-73;91.52;2016-08-09
2016-09-30;1,921;-1,475;446;60;523;1,084;1,395;3,842;-;481;8,242;727;-;78;1,571;1,256;5,913;304;-106;91.52;2016-11-09
2016-12-31;1,915;-1,545;370;-1;395;1,088;1,429;5,358;-;494;9,877;889;-;78;1,633;2,734;7,325;157;-211;91.52;2017-03-01
2017-03-31;1,473;-1,084;389;52;494;1,338;1,494;5,715;-;490;10,202;927;-;135;1,8;2,733;7,589;10;-57;91.52;2017-05-10
2017-06-30;1,712;-1,233;479;3;759;1,389;1,733;4,354;-;1,813;10,912;933;-;592;2,313;2,734;8,494;156;-60;91.52;2017-08-09
2017-09-30;1,71;-1,239;471;53;536;1,345;1,692;3,967;-;1,76;10,365;901;-;618;2,31;2,231;8,014;369;-86;91.52;2017-11-09
2017-12-31;1,635;-1,24;395;-48;588;1,316;1,68;3,957;-;1,784;10,411;1,048;-;633;2,458;2,242;8,124;333;-194;91.52;2018-03-01
2018-03-31;1,816;-1,342;474;80;488;1,292;1,843;4,063;-;1,761;10,42;958;-;683;2,485;2,231;8,11;22;-81;91.52;2018-05-10
2018-06-30;1,829;-1,332;497;97;180;948;1,285;5,852;-;1,737;10,54;698;-;147;2,385;2,683;8,205;13;-62;91.52;2018-08-09
2018-09-30;1,786;-1,308;478;80;181;920;1,348;5,894;-;1,737;10,545;733;-;42;2,318;2,684;8,039;235;-114;91.52;2018-11-09
2018-12-31;1,393;-1,104;289;25;797;903;1,347;3,901;-;1,764;8,687;795;-;59;1,519;2,686;5,907;316;-240;91.52;2019-03-01
2019-03-31;1,738;-1,286;452;88;434;975;1,386;3,86;-;1,786;8,837;725;-;78;1,478;2,783;6,016;32;-72;87.45;2019-05-10
2019-06-30;1,724;-1,252;472;96;229;924;1,395;3,645;-;1,755;8,584;708;-;64;1,342;2,784;5,926;82;-112;87.45;2019-08-09
2019-09-30;1,704;-1,252;452;79;338;905;1,423;3,768;-;1,811;8,835;689;-;74;1,394;2,781;6,043;255;-121;87.45;2019-11-09
2019-12-31;1,389;-1,064;325;-7;296;769;1,195;3,63;-;1,765;8,695;656;-;66;1,482;2,777;6,026;274;-203;87.45;2020-02-29
2020-03-31;1,704;-1,269;435;63;1,271;919;1,208;4,697;-;1,807;9,671;643;-;1,084;2,502;2,768;6,956;102;-74;86.34;2020-05-10
2020-06-30;1,436;-1,042;394;803;1,6;702;1,257;4,331;-;1,764;9,195;552;-;65;1,312;2,767;5,795;46;-88;86.34;2020-08-09
2020-09-30;1,461;-1,111;350;25;1,507;761;1,132;4,084;-;1,698;8,85;535;-;77;1,256;2,76;5,661;168;-102;86.34;2020-11-09
2020-12-31;1,503;-1,126;377;18;1,794;745;1,07;4,057;-;1,647;8,88;681;-;566;1,822;2,265;5,879;269;-192;86.34;2021-03-01
2021-03-31;1,693;-1,266;427;63;1,588;891;1,128;4,258;-;1,7;9,118;712;-;582;1,896;2,267;5,786;32;-70;86.34;2021-05-10
2021-06-30;1,469;-1,082;387;47;1,502;961;1,307;4,251;-;1,742;9,149;806;-;566;1,923;2,262;5,795;-25;-73;86.34;2021-08-09
2021-09-30;1,581;-1,178;403;40;500;1,076;1,505;3,619;-;2,469;9,57;824;-;188;1,646;2,684;5,974;95;-128;86.34;2021-11-09
2021-12-31;1,679;-1,294;385;-7;1,134;1,05;1,633;4,389;-;2,536;10,528;1,008;-;675;2,379;2,829;6,772;305;-208;86.34;2022-03-01
2022-03-31;1,931;-1,459;472;66;1,885;1,311;1,897;5,583;-;2,54;11,72;986;-;1,005;2,768;3,421;7,652;-181;-63;86.34;2022-05-10
2022-06-30;1,999;-1,515;484;48;1,72;952;1,724;6,148;-;2,611;11,82;785;-;890;2,742;3,397;7,309;153;-88;86.34;2022-08-09
2022-09-30;2,185;-1,658;527;85;534;1,056;2,09;5,453;-;3,591;12,265;871;-;893;2,84;3,424;7,405;19;-98;86.34;2022-11-09
2022-12-31;1,973;-1,519;454;-14;403;858;1,861;4,85;-;3,331;11,287;709;-;830;2,426;3,417;6,866;168;-158;86.34;2023-03-01
2023-03-31;1,899;-1,463;436;10;1,75;831;1,855;6,198;-;3,243;12,492;706;-;2,65;4,291;2,928;8,215;161;-59;86.34;2023-05-10
2023-06-30;1,778;-1,467;311;-145;317;791;1,687;3,256;-;3,219;10,808;611;-;265;1,323;2,926;5,201;66;-67;86.34;2023-08-09
2023-09-30;1,601;-1,312;289;-131;441;695;1,504;3,079;-;3,245;10,576;592;-;88;1,155;2,928;4,952;390;-68;86.34;2023-11-09
2023-12-31;1,436;-1,204;232;-576;496;613;1,36;2,909;-;2,721;9,665;584;-;72;1,174;2,938;5,164;221;-132;86.34;2024-02-29