date;revenue;cogs;gross_profit;net_profit;cash;acc_rec;inventory;curr_assets;goodwill;intangible_assets;total_assets;acc_pay;short_term_debt;current_debt;curr_liab;long_term_debt;total_liab;cash_from_operating_activities;capex;shares;real_date
2004-11-30;1,078;-1,017;61;-24;122;537;668;1,449;2,175;-;7,922;417;-;186;1,019;2,353;4,812;69;-47;360.4;2005-01-21
2005-02-28;1,145;-1,008;137;19;110;556;784;1,523;2,232;-;8,094;412;-;139;904;2,516;4,931;-84;-66;360.4;2005-04-04
2005-05-31;1,45;-1,204;246;86;245;672;753;1,732;2,16;-;8,444;463;-;205;1,107;2,464;5,231;271;-104;360.4;2005-07-05
2005-08-31;1,404;-1,155;249;64;201;665;775;1,758;2,21;-;8,607;457;-;153;1,085;2,445;5,148;81;-91;382.2;2005-10-05
2005-11-30;1,493;-1,284;209;44;166;571;786;1,651;2,304;-;8,696;462;-;129;1,103;2,423;5,112;86;-91;382.2;2006-01-21
2006-02-28;1,077;-1,064;13;-73;165;428;786;1,481;2,331;-;8,704;381;-;252;1,014;2,407;5,079;-76;-83;382.2;2006-04-04
2006-05-31;1,332;-1,165;166;-200;173;506;761;1,58;2,347;-;8,721;420;153;69;1,126;2,388;5,19;188;-125;382.2;2006-07-05
2006-08-31;1,289;-1,092;196;107;215;467;772;1,618;2,335;-;8,746;410;127;220;1,286;2,225;5,102;151;-85;441.32;2006-10-05
2006-11-30;1,522;-1,362;161;52;268;570;655;1,627;2,306;-;8,653;811;75;218;1,234;2,211;5,005;142;-29;441.32;2007-01-21
2007-02-28;1,279;-1,166;113;37;460;523;675;1,78;2,271;-;8,723;874;59;86;1,142;2,427;5,087;148;-62;441.32;2007-04-04
2007-05-31;1,684;-1,228;456;187;421;557;787;1,956;2,284;-;9,164;434;139;404;1,609;1,818;4,98;268;-116;441.32;2007-07-05
2007-08-31;2,003;-1,482;522;295;639;537;818;2,17;2,207;-;9,313;386;153;476;1,604;1,586;4,765;438;-82;445.7;2007-10-05
2007-11-30;2,195;-1,572;623;352;642;614;867;2,278;2,16;-;9,694;516;106;199;1,417;1,383;4,504;543;-79;445.7;2008-01-21
2008-02-28;2,147;-1,419;728;492;1,134;700;1,037;3,167;2,1;-;10,601;552;231;44;1,714;1,378;4,765;528;-87;445.7;2008-04-03
2008-05-31;3,467;-2,179;1,288;829;1,961;1,039;1,351;4,81;1,875;-;11,82;1,022;133;43;2,151;1,375;5,089;1,038;-124;445.7;2008-07-05
2008-08-31;4,323;-2,674;1,649;1,129;2,19;1,586;1,945;6,177;1,808;-;13,01;1,267;109;69;2,628;1,311;5,342;562;-187;446.2;2008-10-05
2008-11-30;3,007;-2,233;774;933;2,812;918;1,614;5,971;1,682;-;12,428;768;111;30;1,721;1,273;4,575;387;-223;446.2;2009-01-21
2009-02-28;1,376;-1,235;140;52;2,529;633;1,435;5,22;1,66;-;11,773;296;90;30;1,218;1,268;3,998;-11;-197;446.2;2009-04-04
2009-05-31;1,594;-1,389;204;143;2,703;598;1,126;5,308;1,734;-;12,676;384;93;43;1,616;1,257;4,183;306;-174;446.2;2009-07-05
2009-08-31;1,457;-1,235;222;100;2,599;486;1,047;5,003;1,733;-;12,479;430;107;30;1,311;1,253;3,889;172;-236;446.6;2009-10-05
2009-11-30;1,71;-1,403;307;121;2,648;580;969;5,012;1,757;-;12,697;506;140;16;1,866;1,25;4,47;175;-191;446.6;2010-01-21
2010-02-28;1,732;-1,255;477;232;2,292;595;940;4,792;1,765;-;12,278;475;96;17;1,21;1,246;3,813;477;-209;446.6;2010-04-04
2010-05-31;1,86;-1,173;688;390;2,523;615;1,002;4,975;1,763;-;12,708;567;83;15;1,301;1,246;3,986;532;-275;446.6;2010-07-05
2010-08-31;2,188;-1,684;505;295;2,363;572;1,045;4,755;1,759;-;13,072;559;76;13;1,38;1,244;4,041;556;-295;447.5;2010-10-05
2010-11-30;2,675;-1,907;768;1,026;3,659;672;817;5,524;1,794;-;14,199;539;55;466;1,77;788;3,958;532;-291;447.5;2011-01-21
2011-02-28;2,214;-1,361;854;547;3,352;798;1,134;5,694;1,829;-;14,699;670;74;50;1,534;762;3,716;366;-312;447.5;2011-04-04
2011-05-31;2,86;-1,865;995;651;3,906;926;1,266;6,684;1,83;-;15,787;941;24;48;1,929;761;4,145;973;-366;447.5;2011-07-05
2011-08-31;3,083;-2,235;848;525;4,038;785;1,402;6,758;1,896;-;16,181;903;14;74;1,784;737;3,963;554;-391;436.5;2011-10-05
2011-11-30;3,015;-2,133;881;625;3,628;919;1,207;6,36;1,83;-;15,802;854;28;514;2,099;1,009;4,502;518;-387;436.5;2012-01-21
2012-02-28;2,19;-1,668;522;268;3,202;656;1,327;5,93;1,874;-;15,937;801;82;1;1,616;1,011;4,126;405;-412;436.5;2012-04-03
2012-05-31;2,821;-1,987;834;501;3,811;752;1,238;6,582;1,844;-;16,69;912;43;1;1,918;1,01;4,707;1,229;-449;436.5;2012-07-05
2012-08-31;2,505;-1,758;747;423;3,595;732;1,484;6,541;1,89;-;17,07;801;18;1;1,676;1,011;4,508;339;-449;424.1;2012-10-05
2012-11-30;2,536;-1,86;676;626;3,421;798;1,519;6,534;1,889;-;17,441;914;21;1;1,648;1,011;4,358;322;-394;424.1;2013-01-21
2013-02-28;2,241;-1,672;568;346;3,323;874;1,569;6,341;1,853;-;17,322;741;61;1;1,537;1,01;4,198;371;-398;424.1;2013-04-04
2013-05-31;2,692;-1,924;769;479;3,697;1,016;1,557;6,88;1,845;-;18,086;763;69;1;1,765;1,01;4,661;855;-348;424.1;2013-07-05
2013-09-30;1,909;-1,522;387;123;3,339;479;1,495;6,292;1,833;-;17,657;612;15;1;1,304;1,012;4,124;-45;-333;375.6;2013-11-04
2013-12-31;2,857;-2,416;441;208;5,293;543;1,433;8,106;1,794;-;19,554;570;23;-;3,266;3,009;8,252;934;-468;375.6;2014-02-21
2014-03-31;1,986;-1,575;412;221;2,491;597;1,607;5,356;1,765;-;18,112;593;41;-;2,163;3,009;7,28;-262;525;375.6;2014-05-05
2014-06-30;2,44;-1,919;521;250;2,367;604;1,58;5,189;1,793;-;18,294;750;13;1;1,923;3,013;7,048;796;-214;375.6;2014-08-04
2014-09-30;2,251;-1,836;415;207;2,971;574;1,472;5,66;1,741;-;18,456;762;-;41;1,549;3,774;7,511;357;-188;375.6;2014-11-04
2014-12-31;2,379;-1,8;579;354;2,375;754;1,718;5,216;1,807;-;18,283;797;14;41;1,597;3,778;7,58;342;-252;375.6;2015-02-21
2015-03-31;2,139;-1,72;419;296;2,517;661;1,523;5,251;1,687;-;17,632;707;10;41;1,62;3,775;7,44;729;-230;360.3;2015-05-05
2015-06-30;2,488;-1,88;608;390;2,21;627;1,612;5,1;1,71;-;17,777;858;27;57;1,882;3,762;7,64;603;-227;360.3;2015-08-04
2015-09-30;2,106;-1,77;335;162;1,285;675;1,55;4,263;1,625;-;17,118;915;18;42;1,872;3,738;7,504;189;-245;360.3;2015-11-04
2015-12-31;2,163;-1,808;355;156;1,276;675;1,564;4,143;1,595;-;17,39;1,002;26;42;2,047;3,77;7,858;518;-298;360.3;2016-02-21
2016-03-31;1,674;-1,437;237;254;1,058;677;1,566;3,957;1,661;-;17,627;872;42;42;1,814;3,774;7,63;266;-236;351.7;2016-05-05
2016-06-30;1,675;-1,521;154;3;1,059;400;1,702;3,793;1,668;-;17,685;818;54;42;1,903;3,773;7,727;584;-202;351.7;2016-08-04
2016-09-30;1,952;-1,739;213;42;654;512;1,5;3,449;1,652;-;17,263;711;54;373;1,94;3,45;7,427;88;-196;351.7;2016-11-04
2016-12-31;1,862;-1,656;206;17;673;628;1,391;3,058;1,631;-;16,841;601;-;39;1,478;3,779;7,256;323;-209;351.7;2017-02-21
2017-03-31;1,578;-1,449;130;-1;675;578;1,534;3,217;1,639;-;17,096;739;124;41;1,633;3,787;7,475;146;-224;350.9;2017-05-05
2017-06-30;1,755;-1,562;192;91;661;548;1,684;3,338;1,661;-;17,444;875;65;43;1,872;3,8;7,688;243;-169;350.9;2017-08-04
2017-09-30;1,985;-1,744;241;220;686;592;1,666;3,376;1,703;-;17,803;918;59;134;1,898;3,722;7,689;135;-198;350.9;2017-11-04
2017-12-31;2,092;-1,812;280;27;2,154;643;1,547;4,617;1,694;-;18,633;927;6;344;2,032;4,878;9,016;411;-230;350.9;2018-02-21
2018-03-31;1,934;-1,692;242;43;659;708;2,059;3,841;1,761;-;20,452;1,106;72;251;2,221;4,823;9,997;-71;-223;386.4;2018-05-05
2018-06-30;2,205;-1,91;295;66;1,035;625;2,168;4,17;1,738;-;20,398;1,159;20;261;2,594;4,737;10,202;807;-201;386.4;2018-08-04
2018-09-30;2,928;-2,433;496;252;1,03;835;1,957;4,178;1,753;-;20,415;1,343;26;61;2,502;4,523;9,973;524;-241;386.4;2018-11-04
2018-12-31;2,521;-2,054;466;113;848;839;2,27;4,238;1,708;-;20,119;1,354;12;26;2,485;4,492;9,722;150;-289;386.4;2019-02-21
2019-03-31;1,9;-1,59;310;130;385;792;2,572;4,147;1,727;-;20,445;1,249;168;41;2,398;4,215;9,844;-176;-314;383.8;2019-05-05
2019-06-30;2,177;-1,95;227;-219;402;712;2,714;4,229;1,745;-;20,644;1,238;94;43;2,527;4,227;10,171;507;-350;383.8;2019-08-04
2019-09-30;2,753;-2,474;280;-17;641;801;2,294;4,124;1,732;-;20,44;1,458;88;43;2,725;4,226;10,34;486;-322;383.8;2019-11-04
2019-12-31;2,076;-1,996;81;-925;519;804;2,076;3,718;1,157;-;19,299;1,421;42;47;2,592;4,222;10,113;278;-286;383.8;2020-02-21
2020-03-31;1,798;-1,757;41;-209;1,069;723;1,931;4,222;1,077;-;18,976;1,194;1,008;47;3,269;4,525;10,589;190;-264;381.3;2020-05-05
2020-06-30;2,045;-1,788;257;76;1,073;690;1,954;4,055;1,108;-;19,021;1,222;610;59;3,113;4,528;10,528;814;-257;381.3;2020-08-04
2020-09-30;2,382;-2,026;355;31;923;795;1,681;3,749;1,125;-;18,852;1,363;216;58;2,865;4,52;10,319;341;-265;381.3;2020-11-04
2020-12-31;2,457;-2,046;411;838;574;881;1,739;3,521;1,173;-;19,79;1,409;-;504;3,146;4,074;10,208;238;-385;381.3;2021-02-21
2021-03-31;2,297;-1,862;435;166;692;852;1,861;3,727;1,18;-;19,902;1,56;15;499;3,356;3,971;10,278;319;-289;381.6;2021-05-05
2021-06-30;2,801;-2,048;752;443;1,418;931;2,194;4,987;1,201;-;21,474;1,756;-;495;4,139;3,968;11,136;1,015;-297;381.6;2021-08-04
2021-09-30;3,419;-2,554;865;378;843;1,082;2,274;4,6;1,172;-;21,082;1,776;-;47;3,495;3,948;10,661;423;-340;381.6;2021-11-04
2021-12-31;3,841;-2,692;1,149;640;770;1,532;2,741;5,325;1,172;-;22,036;2,004;303;597;4,788;3,382;11,432;430;-363;381.6;2022-02-21
2022-03-31;3,922;-2,483;1,439;1,155;882;1,53;3,327;6,227;1,196;-;23,423;1,699;481;600;5,053;3,378;11,785;506;-291;356.0;2022-05-05
2022-06-30;5,373;-3,527;1,846;1,008;839;2,252;3,641;7,298;1,162;-;23,986;2,283;17;608;5,632;3,352;12,234;1,585;-263;356.0;2022-08-04
2022-09-30;5,349;-3,847;1,502;784;703;1,9;3,781;6,9;1,106;-;23,438;1,832;201;630;5,13;3,329;11,857;889;-354;356.0;2022-11-04
2022-12-31;4,481;-3,513;968;471;735;1,7;3,543;6,555;1,116;-;23,386;2,044;225;985;5,534;2,412;11,331;956;-341;356.0;2023-02-21
2023-03-31;3,604;-2,934;670;428;465;1,426;3,32;5,854;1,119;-;22,858;1,571;855;980;5,167;2,409;10,964;149;-322;333.2;2023-05-05
2023-06-30;3,394;-2,823;571;366;626;1,222;3,149;5,712;1,139;-;23,14;1,826;229;970;4,84;2,423;10,735;1,073;-310;333.2;2023-08-04
2023-09-30;3,548;-3,139;410;-13;591;1,399;2,453;5,157;1,115;-;22,654;1,706;300;955;4,696;2,402;10,604;647;-412;333.2;2023-11-04
2023-12-31;3,15;-2,59;560;368;349;1,269;2,523;4,745;1,139;-;23,033;1,567;400;130;3,874;3,232;10,743;538;-359;333.2;2024-02-21
2024-03-31;2,679;-2,28;399;19;336;1,212;2,603;4,655;1,117;-;22,873;1,586;267;128;4,02;3,221;10,71;-80;-383;323.5;2024-04-29
2024-06-30;2,816;-2,422;394;-173;322;1,285;2,554;4,759;1,106;-;22,566;1,319;881;125;4,119;3,194;10,736;847;-334;321.2;2024-08-05
2024-09-30;2,81;-2,394;416;122;301;1,031;2,923;4,971;1,117;-;23,291;1,178;751;115;4,175;3,197;11,483;313;-241;319.4;2024-11-11