date;revenue;cogs;gross_profit;net_profit;cash;acc_rec;inventory;curr_assets;goodwill;intangible_assets;total_assets;acc_pay;short_term_debt;current_debt;curr_liab;long_term_debt;total_liab;cash_from_operating_activities;capex;shares;real_date
2007-12-31;1,423;-1,308;115;50;86;194;1,072;1,571;-;29;2,226;302;-;148;759;154;1,154;-9;-18;40.87;2008-02-14
2008-03-31;1,983;-1,843;140;60;140;522;1,794;2,903;-;47;3,858;836;-;432;1,796;596;2,785;257;-25;40.87;2008-05-10
2008-06-30;2,633;-2,459;174;61;41;519;1,923;2,925;-;48;3,888;854;-;496;1,81;558;2,751;-82;-29;40.87;2008-08-09
2008-09-30;2,408;-2,306;102;-1;187;391;1,402;2,292;-;47;3,249;444;-;410;1,254;523;2,113;290;-44;40.87;2008-12-06
2008-12-31;1,501;-1,777;-277;-257;108;316;947;1,895;-;47;2,917;389;-;275;1,274;530;2,039;150;-87;40.87;2009-02-14
2009-03-31;1,542;-1,314;228;96;48;412;1,107;1,932;-;41;2,931;543;-;248;1,276;495;2,05;98;-18;40.87;2009-05-10
2009-06-30;1,669;-1,528;141;48;136;357;1,034;1,732;-;41;2,744;572;-;152;1,015;484;1,787;230;-28;40.87;2009-08-09
2009-09-30;2,007;-1,868;139;68;257;270;1,094;1,803;-;42;2,837;601;-;165;1,054;451;1,812;167;-31;40.87;2009-12-06
2009-12-31;2,087;-1,843;244;121;34;410;1,465;2,103;-;102;3,217;750;-;241;1,299;444;2,073;-207;-84;40.87;2010-02-14
2010-03-31;2,474;-2,332;142;54;84;441;1,603;2,306;-;102;3,413;895;-;362;1,563;340;2,252;84;-17;40.87;2010-05-10
2010-06-30;2,514;-2,361;153;55;31;422;1,799;2,417;-;102;3,514;882;-;425;1,602;337;2,321;-85;-24;40.87;2010-08-09
2010-09-30;2,838;-2,632;207;96;148;437;1,387;2,18;-;102;3,531;793;-;291;1,369;333;2,142;293;-27;40.87;2010-12-06
2010-12-31;2,741;-2,53;210;97;159;393;2,223;3,027;-;102;4,135;1,213;-;477;1,96;334;2,728;-137;-30;44.96;2011-02-14
2011-03-31;3,747;-3,441;306;160;347;569;1,912;2,981;-;96;4,083;931;-;57;1,267;656;2,385;189;-22;44.96;2011-05-10
2011-06-30;3,305;-3,116;189;80;524;458;1,903;3,088;-;96;4,185;971;-;49;1,277;653;2,408;219;-26;44.96;2011-08-09
2011-09-30;3,665;-3,522;143;37;491;564;1,769;3,114;-;94;4,531;868;-;43;1,416;686;2,66;147;-38;44.96;2011-12-06
2011-12-31;3,151;-2,863;288;153;471;405;2,282;3,335;-;93;4,758;1,05;-;54;1,451;683;2,741;19;-40;44.96;2012-02-14
2012-03-31;3,648;-3,37;278;136;484;610;2,317;3,585;-;92;5,012;1,227;-;62;1,604;680;2,9;91;-22;44.96;2012-05-10
2012-06-30;3,436;-3,303;133;6;578;536;2,345;3,618;-;90;5,026;1,252;-;81;1,638;669;2,909;123;-31;44.96;2012-08-09
2012-09-30;3,572;-3,34;232;82;669;525;2,06;3,442;-;90;4,889;1,024;234;42;1,531;540;2,695;150;-76;44.96;2012-12-06
2012-12-31;3,395;-3,3;96;10;667;385;2,096;3,315;-;90;4,746;939;-;192;1,434;536;2,604;88;-38;44.96;2013-02-14
2013-03-31;3,313;-3,19;122;27;396;566;2,159;3,319;-;90;4,753;1,117;-;183;1,591;432;2,644;-60;-31;44.96;2013-05-10
2013-06-30;2,923;-3,173;-250;-246;306;476;1,823;2,827;-;90;4,276;926;-;182;1,461;418;2,404;-30;-37;44.96;2013-08-09
2013-09-30;2,716;-2,552;163;58;33;395;1,94;2,567;-;84;4,035;818;-;84;1,158;429;2,089;-85;-79;44.96;2013-12-06
2013-12-31;2,793;-2,783;9;-52;233;239;1,89;2,511;-;84;4,013;927;-;30;1,235;418;2,118;300;-48;44.96;2014-02-14
2014-03-31;2,902;-2,868;35;-34;559;378;1,759;2,855;-;84;4,344;1,025;-;504;1,796;288;2,544;57;-28;44.96;2014-05-10
2014-06-30;2,603;-2,376;226;102;123;352;1,913;2,558;-;83;4,039;884;-;237;1,367;288;2,139;-138;-21;44.96;2014-08-09
2014-09-30;2,944;-2,819;125;29;187;414;1,717;2,458;-;83;3,943;797;-;156;1,244;-;2,068;183;-32;44.96;2014-12-06
2014-12-31;2,635;-2,516;118;25;254;207;1,931;2,518;-;83;3,978;883;-;151;1,261;305;2,115;102;-21;44.96;2015-02-14
2015-03-31;2,884;-2,66;224;106;296;430;1,813;2,758;-;84;4,218;893;-;45;1,249;530;2,353;7;-26;44.96;2015-05-10
2015-06-30;2,948;-2,794;154;51;479;404;1,816;2,871;-;84;4,332;954;-;20;1,289;510;2,33;239;-22;44.96;2015-08-09
2015-09-30;2,529;-2,507;22;-48;453;307;1,626;2,581;-;84;4,045;761;-;25;1,102;508;2,079;17;-42;44.96;2015-12-06
2015-12-31;2,398;-2,35;48;-25;391;241;1,667;2,42;-;85;3,901;693;-;26;990;507;1,957;-23;-34;44.96;2016-02-14
2016-03-31;2,327;-2,168;160;54;175;338;1,813;2,471;-;86;3,944;799;-;32;1,024;504;2,031;-136;-32;44.96;2016-05-10
2016-06-30;2,351;-2,212;139;43;312;347;1,731;2,537;-;84;4,011;850;-;12;1,055;499;2,082;203;-41;44.96;2016-08-09
2016-09-30;2,399;-2,248;151;51;472;242;1,7;2,541;-;85;4,027;798;-;158;1,142;337;2,039;194;-37;44.96;2016-12-06
2016-12-31;2,462;-2,278;185;78;342;293;1,921;2,714;-;133;4,254;930;-;154;1,298;335;2,158;-41;-79;44.96;2017-02-14
2017-03-31;2,42;-2,206;214;114;299;423;1,92;2,794;-;133;4,326;964;-;109;1,271;334;2,149;84;-25;44.96;2017-05-10
2017-06-30;2,445;-2,284;161;66;332;415;1,841;2,752;-;132;4,285;892;-;20;1,125;340;2,015;149;-26;44.96;2017-08-09
2017-09-30;2,553;-2,405;148;60;571;357;1,752;2,834;-;132;4,361;905;-;11;1,139;340;1,998;287;-34;44.96;2017-12-06
2017-12-31;2,596;-2,368;228;122;308;482;2,16;3,098;-;131;4,633;1,023;-;14;1,236;359;2,146;-246;-31;44.96;2018-02-14
2018-03-31;2,288;-2,189;99;28;132;391;1,887;3,159;-;122;4,513;923;-;9;1,273;286;2,043;14;-35;44.96;2018-05-10
2018-06-30;2,626;-2,442;185;82;233;309;2,123;3,408;-;122;4,758;1,079;-;11;1,442;284;2,216;132;-36;44.96;2018-08-09
2018-09-30;2,637;-2,548;89;23;461;275;1,681;3,117;-;123;4,502;837;-;33;1,213;281;1,937;302;-65;44.96;2018-12-06
2018-12-31;2,341;-2,256;85;9;83;340;1,952;3,04;-;123;4,416;821;-;14;1,149;245;1,862;-308;-46;44.96;2019-02-14
2019-03-31;2,741;-2,558;183;94;23;381;2,24;3,39;-;123;4,783;1,042;-;203;1,578;118;2,213;-26;-44;44.96;2019-05-10
2019-06-30;2,723;-2,612;111;-1;63;297;2,226;3,283;-;123;4,662;948;-;206;1,461;118;2,108;94;-50;44.96;2019-08-09
2019-09-30;4,092;-3,814;278;91;441;390;1,993;2,937;-;123;4,535;818;-;153;1,198;116;1,937;512;-81;44.96;2019-12-06
2019-12-31;2,709;-2,519;190;76;265;286;2,126;3,333;-;121;4,804;929;-;145;1,402;114;2,112;-93;-60;44.58;2020-02-14
2020-03-31;3,304;-3,27;35;-64;61;341;1,917;3,028;-;120;4,509;867;-;18;1,293;106;1,926;68;-62;44.58;2020-05-10
2020-06-30;2,883;-2,548;334;178;269;331;2,317;3,62;-;190;5,404;1,129;-;24;1,502;503;2,635;190;-37;44.58;2020-08-09
2020-09-30;4,244;-3,942;302;78;481;485;2,464;3,585;-;172;5,534;1,144;-;28;1,472;503;2,683;293;-72;44.58;2020-12-06
2020-12-31;3,463;-3,138;325;173;140;780;3,056;3,986;-;-;5,941;1,359;-;23;1,675;503;2,912;-273;-36;43.67;2021-02-14
2021-03-31;4,056;-3,747;309;146;439;601;3,118;4,318;-;174;6,278;1,517;-;122;2,003;399;3,161;398;-45;43.67;2021-05-10
2021-06-30;4,661;-4,341;320;166;581;881;3,327;4,789;-;-;6,752;1,786;-;116;2,247;400;3,475;207;-53;43.67;2021-08-09
2021-09-30;4,12;-3,787;333;128;942;513;2,804;4,601;-;159;6,613;1,387;-;137;1,933;400;3,171;480;-118;43.67;2021-12-06
2021-12-31;4,406;-3,937;469;301;656;882;3,356;5,02;-;-;7,06;1,665;-;134;2,156;247;3,317;-85;-54;43.66;2022-02-14
2022-03-31;4,856;-4,507;349;209;560;874;3,678;5,479;-;154;7,57;1,992;-;28;2,46;246;3,616;135;-59;43.66;2022-05-10
2022-06-30;5,015;-4,82;195;79;449;1,163;3,524;5,287;-;-;7,374;1,681;-;93;2,261;167;3,346;-45;-103;43.66;2022-08-09
2022-09-30;4,244;-4,022;222;126;706;623;3,553;5,188;-;143;7,447;1,583;-;118;2,204;167;3,19;283;-131;43.66;2022-12-06
2022-12-31;4,096;-3,968;128;57;540;902;3,898;5,34;-;-;7,515;1,796;-;94;2,237;167;3,195;-64;-71;43.66;2023-02-14
2023-03-31;4,688;-4,464;224;106;451;795;4,065;5,56;-;143;7,747;1,975;-;95;2,408;167;3,438;83;-104;43.66;2023-05-10
2023-06-30;4,167;-4,065;102;4;243;836;3,907;4,986;-;-;7,323;1,656;-;33;1,987;167;3,009;54;-193;43.66;2023-08-09
2023-09-30;4,113;-4,038;74;-26;494;563;3,399;4,731;-;143;7,26;1,566;-;58;1,992;167;3,015;500;-257;43.66;2023-12-06
2023-12-31;3,896;-3,715;181;58;134;735;3,69;4,559;-;-;7,155;1,452;-;43;1,85;167;2,871;-202;-151;43.61;2024-02-14