date;revenue;cogs;gross_profit;net_profit;cash;acc_rec;inventory;curr_assets;goodwill;intangible_assets;total_assets;acc_pay;short_term_debt;current_debt;curr_liab;long_term_debt;total_liab;cash_from_operating_activities;capex;shares;real_date
1994-03-31;444;-309;135;32;15;335;420;917;-;685;2,248;112;257;99;784;409;1,363;34;-12;315.6;1994-04-27
1994-06-30;493;-333;169;44;15;335;420;917;-;685;2,488;112;257;99;784;409;1,363;-8;-14;315.6;1994-07-27
1994-09-30;553;-374;179;58;15;335;420;918;-;704;2,488;112;257;99;784;409;1,363;117;-14;315.6;1994-10-27
1994-12-31;584;-387;197;62;15;335;420;918;-;704;2,488;112;257;99;784;409;1,363;95;-26;315.6;1995-02-14
1995-03-31;556;-389;167;36;10;313;465;932;-;677;2,511;111;249;99;781;409;1,361;31;-18;286.78;1995-04-27
1995-06-30;621;-431;189;55;13;405;491;1,033;-;682;2,58;107;141;59;620;604;1,393;-7;-23;286.78;1995-07-27
1995-09-30;651;-444;207;65;17;378;455;974;-;705;2,517;88;137;52;562;550;1,28;114;-12;286.78;1995-10-27
1995-12-31;670;-451;219;66;59;390;509;1,132;-;888;2,931;114;177;59;680;761;1,631;138;-29;286.78;1996-02-14
1996-03-31;618;-436;181;33;46;369;547;1,133;-;878;2,95;102;171;58;647;805;1,642;57;-15;281.48;1996-04-27
1996-06-30;735;-499;236;68;45;460;541;1,209;-;892;3,037;122;136;47;643;850;1,683;30;-14;281.48;1996-07-27
1996-09-30;762;-518;244;74;52;452;521;1,177;-;908;3,027;98;148;41;635;805;1,613;108;-25;281.48;1996-10-27
1996-12-31;757;-512;246;81;4;404;509;1,108;-;923;3,005;105;135;33;637;672;1,516;172;-40;281.48;1997-02-14
1997-03-31;629;-440;189;38;5;369;534;1,084;-;1,026;3,099;87;102;33;577;799;1,589;42;-15;281.65;1997-04-27
1997-06-30;801;-535;265;78;23;563;648;1,416;-;1,37;3,925;139;366;16;943;1,116;2,34;-5;-9;281.65;1997-07-27
1997-09-30;889;-603;287;84;21;554;669;1,407;-;1,42;3,976;117;151;15;700;1,349;2,333;174;-24;281.65;1997-10-27
1997-12-31;915;-610;305;90;36;524;625;1,381;-;1,364;3,943;132;118;12;664;783;2,229;176;-50;281.65;1998-02-14
1998-03-31;747;-523;223;149;13;456;662;1,334;-;1,477;3,717;114;98;1;707;523;1,959;59;-28;291.88;1998-04-27
1998-06-30;923;-615;307;89;68;630;696;1,662;-;1,611;4,251;138;152;10;909;770;2,429;-63;-17;291.88;1998-07-27
1998-09-30;957;-631;326;99;42;670;776;1,766;-;1,763;4,604;180;37;5;1,06;1,413;2,718;120;-61;291.88;1998-10-27
1998-12-31;1,093;-779;314;59;57;652;714;1,591;-;1,657;4,327;164;149;7;821;866;2,415;186;-41;291.88;1999-02-14
1999-03-31;1,516;-1,093;423;-79;70;1,06;1,077;2,455;-;1,837;6,235;270;75;7;1,094;2,091;3,537;-96;-78;281.8;1999-04-27
1999-06-30;1,597;-1,177;421;30;49;1,166;1,078;2,531;-;1,872;6,308;323;51;7;1,247;2,05;3,626;120;-11;281.8;1999-07-27
1999-09-30;1,61;-1,165;445;73;34;1,208;1,038;2,54;-;1,908;6,299;333;82;1;1,415;1,862;3,605;264;-51;281.8;1999-10-27
1999-12-31;1,69;-1,238;453;72;102;1,178;1,035;2,739;-;2,025;6,724;377;97;150;1,63;1,956;4,027;266;-60;281.8;2000-02-14
2000-03-31;1,55;-1,142;408;76;8;1,13;1,168;2,694;-;2,037;6,678;362;167;150;1,558;2,377;4,375;-26;-81;268.5;2000-04-27
2000-06-30;1,711;-1,224;487;128;16;1,224;1,201;2,848;-;2,025;6,819;341;72;150;1,53;2,508;4,476;129;-78;268.5;2000-07-27
2000-09-30;1,686;-1,217;468;123;21;1,237;1,171;2,854;-;1,973;6,789;344;20;100;1,442;2,565;4,41;182;-81;268.5;2000-10-27
2000-12-31;1,988;-1,52;468;94;23;1,183;1,263;2,896;-;2,19;7,262;342;23;204;1,55;2,82;4,813;339;-76;268.5;2001-02-14
2001-03-31;1,611;-1,216;395;38;20;1,132;1,31;2,873;-;2,15;7,168;366;14;214;1,546;2,818;4,824;124;-60;267;2001-04-27
2001-06-30;1,725;-1,271;454;72;16;1,247;1,272;2,937;-;2,156;7,201;429;26;174;1,665;2,716;4,844;236;-65;267;2001-07-27
2001-09-30;1,768;-1,278;490;83;9;1,316;1,185;2,933;-;2,171;7,227;446;24;915;2,485;1,865;4,809;217;-60;267;2001-10-27
2001-12-31;1,806;-1,275;532;71;7;1,298;1,114;2,85;2,07;284;7,266;501;19;808;2,534;1,865;4,833;289;-65;267;2002-02-14
2002-03-31;1,597;-1,171;426;-464;10;1,191;1,147;2,776;-;1,745;6,61;526;30;553;2,211;2,065;4,725;123;-36;268;2002-04-27
2002-06-30;1,895;-1,374;521;89;10;1,429;1,291;3,162;1,851;298;7,397;656;30;300;2,169;2,717;5,372;176;-65;268;2002-07-27
2002-09-30;1,948;-1,393;555;76;7;1,363;1,277;3,094;1,801;381;7,398;685;30;406;2,423;2,49;5,349;271;-84;268;2002-10-27
2002-12-31;2,014;-1,456;557;96;55;1,378;1,196;3,081;1,847;362;7,404;687;25;424;2,615;2,372;5,341;300;-67;268;2003-02-14
2003-03-31;1,736;-1,273;463;16;10;1,276;1,285;3,008;2,218;366;7,759;737;25;228;2,28;2,878;5,537;41;-93;274.1;2003-04-27
2003-06-30;1,976;-1,426;550;74;35;1,455;1,365;3,279;2,308;368;8,128;863;37;130;2,357;3,047;5,805;101;-95;274.1;2003-07-27
2003-09-30;1,944;-1,422;522;75;77;1,393;1,271;3,162;2,298;374;7,967;816;32;31;2,198;3,039;5,641;279;-59;274.1;2003-10-27
2003-12-31;2,094;-1,562;532;-212;144;1,397;885;3,001;1,989;448;7,481;695;22;14;2,023;2,869;5,464;353;-53;274.1;2004-02-14
2004-03-31;1,541;-1,129;411;33;52;1,253;992;2,817;1,991;446;7,209;664;13;14;1,851;2,871;5,298;-7;-37;274.4;2004-04-27
2004-06-30;1,736;-1,249;486;58;111;1,309;1,015;2,72;1,984;419;6,865;658;13;174;1,902;2,484;4,965;144;-33;274.4;2004-07-27
2004-09-30;1,672;-1,198;473;-235;355;1,137;1,032;2,877;1,794;302;6,606;613;14;215;1,954;2,44;4,979;285;-25;274.4;2004-10-27
2004-12-31;1,799;-1,282;517;28;506;1,199;918;3,012;1,823;299;6,667;637;21;186;1,871;2,424;4,903;238;-27;274.4;2005-02-14
2005-03-31;1,393;-1,015;379;87;430;1,014;1,031;2,787;1,82;309;6,332;608;19;195;1,632;2,384;4,599;56;-23;275.4;2005-04-27
2005-06-30;1,641;-1,133;508;104;212;1,074;938;2,64;1,727;283;6,084;536;13;25;1,455;2,381;4,379;36;-23;275.4;2005-07-27
2005-09-30;1,598;-1,098;500;54;486;958;876;2,763;1,725;295;6,131;485;6;25;1,492;2,377;4,412;359;-24;275.4;2005-10-27
2005-12-31;1,71;-1,202;508;111;116;1,108;794;2,474;2,304;402;6,446;591;4;163;1,798;2,43;4,803;190;-22;275.4;2006-02-14
2006-03-31;1,484;-1,026;458;56;176;1,043;998;2,452;2,373;408;6,37;542;2;411;1,776;2,326;4,711;-12;-25;276.8;2006-04-27
2006-06-30;1,696;-1,122;574;136;116;1,158;937;2,679;2,42;416;6,536;612;21;409;1,95;2,246;4,808;104;-32;276.8;2006-07-27
2006-09-30;1,586;-1,051;535;113;137;1,08;946;2,704;2,412;438;6,513;605;22;406;2,048;2,029;4,691;312;-37;276.8;2006-10-27
2006-12-31;1,435;-932;503;166;201;1,114;851;2,478;2,436;459;6,311;550;24;254;1,897;1,972;4,42;239;-44;276.8;2007-02-14
2007-03-31;1,384;-910;475;65;218;979;934;2,354;2,442;472;6,237;555;22;2;1,296;2,321;4,344;15;-33;287.6;2007-04-27
2007-06-30;1,693;-1,088;606;143;163;1,215;974;2,588;2,497;484;6,504;639;21;2;1,449;2,232;4,478;158;-36;287.6;2007-07-27
2007-09-30;1,687;-1,086;601;170;170;1,127;1,001;2,57;2,586;499;6,591;619;21;775;2,299;1,332;4,427;283;-41;287.6;2007-10-27
2007-12-31;1,643;-1,067;576;101;329;1,166;940;2,651;2,609;502;6,683;617;15;972;2,563;1,197;4,436;199;-47;287.6;2008-02-14
2008-03-31;1,434;-943;491;58;752;1,03;1,092;3,104;2,665;508;7,206;572;11;900;2,302;1,947;4,956;-123;-40;279.9;2008-04-27
2008-06-30;1,825;-1,202;623;93;211;1,313;1,141;2,912;3,087;657;7,564;657;28;1,066;2,693;1,96;5,26;2;-38;279.9;2008-07-27
2008-09-30;1,76;-1,186;575;55;221;1,145;1,061;2,679;3,035;657;7,258;608;27;542;2,151;2,297;5,054;364;-44;279.9;2008-10-27
2008-12-31;1,452;-1,017;435;-258;275;969;912;2,393;2,699;641;6,793;536;8;753;2,235;2,118;5,207;212;-36;279.9;2009-02-14
2009-03-31;1,204;-781;423;34;756;875;928;2,809;2,673;637;7,137;444;8;752;1,999;2,679;5,521;-11;-32;294.4;2009-04-27
2009-06-30;1,504;-946;558;106;418;1,096;848;2,603;2,722;646;6,916;461;7;627;1,866;2,394;5,137;99;-38;294.4;2009-07-27
2009-09-30;1,449;-906;543;86;313;944;784;2,264;2,759;648;6,623;454;74;560;1,931;2,033;4,785;328;-37;294.4;2009-10-27
2009-12-31;1,42;-895;526;61;278;894;688;2,182;2,754;646;6,424;434;1;493;1,76;2,015;4,645;187;-46;294.4;2010-02-14
2010-03-31;1,306;-835;472;58;253;916;729;2,238;2,73;643;6,416;501;-;495;1,704;2,013;4,604;29;-32;305.4;2010-04-27
2010-06-30;1,496;-909;587;130;260;1,038;802;2,401;2,702;637;6,565;597;1;393;1,764;2,049;4,669;154;-38;305.4;2010-07-27
2010-09-30;1,487;-920;567;28;154;1,005;831;2,326;2,753;646;6,57;553;191;270;1,884;2,097;4,701;194;-39;305.4;2010-10-27
2010-12-31;1,47;-924;544;77;140;998;702;2,133;2,75;648;6,405;473;135;170;1,666;2,064;4,503;205;-57;305.4;2011-02-14
2011-03-31;1,274;-789;485;74;140;967;845;2,304;2,792;663;6,637;549;325;411;2,005;1,796;4,602;-108;-45;296.2;2011-04-27
2011-06-30;1,573;-983;590;147;144;1,14;933;2,533;2,8;668;6,893;659;314;409;2,123;1,806;4,711;93;-51;296.2;2011-07-27
2011-09-30;1,55;-971;579;-166;139;986;873;2,289;2,359;663;6,212;523;237;266;1,776;1,811;4,317;295;-55;296.2;2011-10-27
2011-12-31;1,467;-916;551;80;170;1,002;700;2,148;2,366;666;6,161;469;104;264;1,662;1,809;4,312;281;-72;296.2;2012-02-14
2012-03-31;1,332;-822;510;79;190;942;859;2,291;2,387;673;6,289;527;497;13;1,728;1,803;4,342;-47;-48;293.6;2012-04-27
2012-06-30;1,516;-935;581;112;371;1,106;860;2,659;2,353;665;6,591;556;176;946;2,448;1,372;4,62;103;-37;293.6;2012-07-27
2012-09-30;1,535;-953;583;106;250;1,074;823;2,424;2,356;661;6,363;530;291;507;2,146;1,366;4,3;302;-45;293.6;2012-10-27
2012-12-31;1,519;-961;555;101;184;1,112;696;2,27;2,37;654;6,222;527;211;1;1,57;1,707;4,225;261;-47;293.6;2013-02-14
2013-03-31;1,241;-767;474;64;174;1,021;815;2,356;2,34;643;6,197;570;412;1;1,675;1,7;4,212;-123;-34;291.8;2013-04-27
2013-06-30;1,474;-878;557;117;154;1,215;885;2,601;2,346;638;6,403;658;412;1;1,841;1,669;4,366;63;-23;291.8;2013-07-27
2013-09-30;1,487;-914;552;122;197;1,057;823;2,385;2,351;619;6,153;575;29;1;1,442;1,671;3,963;361;-29;291.8;2013-10-27
2013-12-31;1,465;-924;542;116;226;1,105;684;2,285;2,361;615;6,07;559;174;1;1,604;1,662;3,998;304;-52;291.8;2014-02-14
2014-03-31;1,232;-757;457;52;133;973;801;2,232;2,362;607;5,994;543;319;1;1,554;1,667;3,924;-92;-32;278.9;2014-04-27
2014-06-30;1,521;-907;596;149;142;1,23;812;2,458;2,358;597;6,218;593;389;251;1,986;1,424;4,118;96;-35;278.9;2014-07-27
2014-09-30;1,485;-908;577;123;133;1,158;789;2,377;2,44;734;6,349;579;517;251;2,189;1,419;4,324;339;-34;278.9;2014-10-27
2014-12-31;1,526;-952;574;49;199;1,248;709;2,426;2,546;887;6,681;674;391;7;1,891;2,085;4,83;291;-61;278.9;2015-02-14
2015-03-31;1,264;-777;488;57;215;1,053;852;2,422;2,475;877;6,605;616;734;7;2,045;2,094;4,909;-154;-51;271.5;2015-04-27
2015-06-30;1,561;-940;621;148;239;1,304;936;2,753;2,492;871;6,959;757;777;6;2,307;2,081;5,179;103;-35;271.5;2015-07-27
2015-09-30;1,53;-931;599;134;266;1,171;899;2,586;2,496;860;6,794;679;631;6;2,14;2,097;5,009;340;-69;271.5;2015-10-27
2015-12-31;1,561;-964;597;-80;275;1,251;722;2,494;2,791;1,064;7,221;642;389;-;1,988;2,669;5,398;278;-57;271.5;2016-02-14
2016-03-31;1,315;-809;506;40;8,181;1,188;872;10,49;2,802;1,086;15,333;657;763;6;2,195;10,607;13,558;-271;-52;423.1;2016-04-27
2016-06-30;3,859;-2,763;1,096;136;627;2,877;2,909;6,82;11,981;12,953;33,955;1,567;-;943;4,185;12,045;22,645;597;-112;423.1;2016-07-27
2016-09-30;3,955;-2,68;1,275;187;670;2,773;2,434;7,88;10,436;14,133;34,416;1,434;-;705;4,068;12,043;22,988;511;-124;423.1;2016-10-27
2016-12-31;4,136;-2,613;1,523;165;588;2,747;2,116;7,485;10,219;14,112;33,838;1,519;-;602;4,292;11,291;22,489;992;-154;423.1;2017-02-14
2017-03-31;3,266;-2,149;1,117;639;688;2,56;2,477;6,49;10,321;14,01;33,335;1,397;-;853;4,319;10,332;21,34;-289;-101;488;2017-04-27
2017-06-30;4,054;-2,579;1,475;223;780;2,989;2,65;7,132;10,462;14,267;33,95;1,719;-;1,221;4,792;10,173;21,706;48;-90;488;2017-07-27
2017-09-30;3,678;-2,41;1,267;234;792;2,916;2,862;6,95;10,527;14,308;33,888;1,699;-;1,291;4,774;10,184;21,154;183;-102;488;2017-10-27
2017-12-31;3,744;-2,514;1,23;1,652;486;2,674;2,499;6,078;6,873;10,2;33,136;1,227;-;662;4,316;9,889;18,991;990;-113;488;2018-02-14
2018-03-31;3,017;-2,012;1,005;53;459;2,346;2,585;8,472;9,672;13,143;33,469;1,398;-;1,533;4,918;9,624;19,339;-402;-95;473.7;2018-04-27
2018-06-30;2,203;-1,428;775;132;2,279;1,929;1,86;13,748;6,836;10,095;32,191;1,017;-;1,202;4,342;9,301;18,233;11;-106;473.7;2018-07-27
2018-09-30;2,277;-1,46;817;-7,311;1,444;2,015;1,858;12,209;2,974;5,771;22,398;1,172;-;316;4,097;9,297;16,405;572;-73;473.7;2018-10-27
2018-12-31;1,134;-722;411;206;496;2,164;1,761;7,748;3,874;6,151;17,722;1,192;-;319;3,304;6,696;12,504;498;-111;473.7;2019-02-14
2019-03-31;1,712;-1,168;544;-151;364;1,606;1,799;7,516;2,958;5,536;18,106;935;-;574;3,552;6,683;13,158;-200;-58;423.9;2019-04-27
2019-06-30;2,116;-1,369;746;90;625;1,769;1,845;7,062;2,966;5,496;17,666;1,084;-;43;3,136;6,696;12,697;191;-57;423.9;2019-07-27
2019-09-30;2,45;-1,639;810;-626;465;1,873;1,877;5,468;3,687;4,602;16,01;1,119;-;634;3,685;5,681;11,873;433;-56;423.9;2019-10-27
2019-12-31;3,436;-2,32;1,116;794;349;1,842;1,607;4,111;3,709;4,916;15,642;1,101;-;332;2,977;5,382;10,679;620;-93;423.9;2020-02-14
2020-03-31;1,886;-1,269;617;-1,279;476;1,398;1,7;3,917;3,483;3,567;13,903;1,036;-;639;2,951;5,366;10,449;23;-58;424.1;2020-04-27
2020-06-30;2,111;-1,447;664;78;619;1,641;1,714;4,286;3,496;3,561;14,257;1,157;-;402;2,917;5,774;10,765;109;-36;424.1;2020-07-27
2020-09-30;2,699;-1,785;914;304;858;1,814;1,718;4,704;3,523;3,567;14,72;1,415;-;97;3,108;5,788;10,994;688;-64;424.1;2020-10-27
2020-12-31;2,689;-1,805;884;127;981;1,678;1,638;4,628;3,553;3,564;14,7;1,526;-;466;3,621;5,136;10,826;612;-101;424.1;2021-02-14
2021-03-31;2,288;-1,557;731;89;682;1,53;1,901;4,385;3,525;3,506;14,34;1,501;-;357;3,363;5,135;10,504;-25;-54;428;2021-04-27
2021-06-30;2,709;-1,827;882;197;637;1,717;2,016;4,655;3,533;3,5;14,62;1,577;-;610;3,776;4,885;10,634;101;-60;428;2021-07-27
2021-09-30;2,787;-1,939;848;190;494;1,686;2,098;4,616;3,516;3,461;14,52;1,709;-;253;3,709;4,884;10,465;414;-67;428;2021-10-27
2021-12-31;2,805;-1,903;902;96;440;1,5;2,087;4,262;3,504;3,37;14,179;1,68;-;3;3,317;4,883;10,111;394;-108;428;2022-02-14
2022-03-31;2,388;-1,643;745;234;344;1,421;2,297;4,411;3,486;3,046;14,204;1,651;-;3;3,183;4,88;10,224;-272;-70;417.4;2022-04-27
2022-06-30;2,534;-1,709;825;204;323;1,562;2,522;4,757;3,45;2,977;14,448;1,7;-;1,461;4,63;3,793;10,501;-178;-70;417.4;2022-07-27
2022-09-30;2,252;-1,587;665;19;636;1,502;2,527;5,148;3,3;2,869;14,678;1,437;-;1,078;4,108;4,762;10,902;-117;-81;417.4;2022-10-27
2022-12-31;2,285;-1,677;608;-260;287;1,25;2,203;4,052;3,298;2,649;13,262;1,062;-;621;3,078;4,756;9,743;295;-91;417.4;2023-02-14
2023-03-31;1,805;-1,318;487;-102;271;1,218;2,24;4,055;3,305;2,635;13,276;1,092;-;852;3,291;4,776;9,943;-77;-83;414.1;2023-04-27
2023-06-30;2,204;-1,549;655;18;317;1,285;1,937;3,839;3,31;2,612;13,02;1,013;-;597;3,06;4,753;9,705;354;-59;414.1;2023-07-27
2023-09-30;2,048;-1,409;639;-218;396;1,212;1,778;3,748;3,049;2,55;12,572;1,084;-;376;3,019;4,737;9,446;402;-67;414.1;2023-10-27
2023-12-31;2,076;-1,418;658;-86;332;1,195;1,531;3,354;3,071;2,488;12,163;1,003;-;329;2,897;4,575;9,051;251;-63;414.1;2024-02-14
2024-03-31;1,653;-1,141;512;-9;372;958;1,695;3,401;3,059;2,447;12,1;1,038;-;429;2,956;4,558;9,024;32;-59;416.05;2024-04-27
2024-06-30;2,033;-1,327;706;45;382;1,072;1,639;3,425;3,055;2,412;12,048;1,079;-;983;3,502;4,059;8,968;32;-53;416.05;2024-07-27
2024-09-30;1,947;-1,268;679;-198;494;931;1,652;3,362;3,074;2,155;11,773;1,047;-;869;3,402;4,092;8,913;282;-51;416.0;2024-10-25
2024-12-31;1,949;-1,298;651;-54;198;878;1,4;2,775;3,038;2,008;11,004;891;-;87;2,437;4,508;8,253;150;-96;415.5;2025-02-17