date;revenue;cogs;gross_profit;net_profit;cash;acc_rec;inventory;curr_assets;goodwill;intangible_assets;total_assets;acc_pay;short_term_debt;current_debt;curr_liab;long_term_debt;total_liab;cash_from_operating_activities;capex;shares;real_date
1998-01-01;125;-84;41;-6;20;148;210;402;-;414;988;62;94;-;244;325;608;-89;-8;37.4;1998-02-10
1998-04-01;430;-260;171;34;11;414;194;650;-;430;1,272;105;3;-;254;567;861;-95;-6;37.4;1998-05-11
1998-07-01;367;-236;131;24;30;165;165;389;-;436;1,019;78;4;-;216;332;589;277;-9;37.4;1998-08-10
1998-09-30;191;-136;55;-15;11;147;178;367;-;435;1,035;78;13;-;232;359;631;-22;-20;37.4;1998-11-29
1999-01-01;184;-115;70;-10;8;207;298;566;-;609;1,446;113;24;-;248;755;1,054;-163;-14;36.6;1999-02-10
1999-04-01;632;-351;281;55;19;590;335;1,018;-;787;2,106;178;214;-;613;1,003;1,674;-97;-13;36.6;1999-05-11
1999-07-01;586;-340;246;42;34;319;281;693;-;778;1,772;127;41;-;391;856;1,306;351;-13;36.6;1999-08-10
1999-09-30;246;-155;92;-17;30;201;313;642;-;794;1,77;134;56;-;367;894;1,326;-12;-27;36.6;1999-11-29
2000-01-01;186;-121;66;-31;16;225;442;772;-;774;1,875;150;120;-;423;1,007;1,493;-169;-7;59.2;2000-02-10
2000-04-01;694;-400;294;63;30;649;366;1,135;-;796;2,27;282;183;-;753;1,015;1,829;-45;-13;59.2;2000-05-11
2000-07-01;581;-341;241;53;79;374;294;794;-;759;1,898;196;50;-;505;836;1,402;379;-17;59.2;2000-08-10
2000-09-30;248;-155;93;-12;33;216;308;644;-;743;1,761;153;49;-;410;813;1,284;7;-35;59.2;2000-11-29
2000-12-31;147;-119;28;-51;22;209;450;768;-;747;1,894;173;164;-;489;919;1,459;-202;-13;60.8;2001-02-09
2001-03-31;714;-409;305;85;18;693;402;1,208;-;770;2,347;304;298;-;868;910;1,828;-106;-14;60.8;2001-05-10
2001-06-30;599;-363;235;45;73;358;359;878;-;762;2,004;234;61;-;546;836;1,437;374;-10;60.8;2001-08-09
2001-09-30;237;-184;53;-63;19;221;368;694;-;771;1,843;151;71;-;445;817;1,337;0;-27;60.8;2001-11-29
2001-12-31;161;-135;26;-47;10;196;474;771;-;737;1,9;171;173;-;530;849;1,453;-138;-13;63.4;2002-02-09
2002-03-31;599;-355;243;65;38;547;427;1,108;-;744;2,24;270;206;-;730;921;1,723;-61;-9;63.4;2002-05-10
2002-06-30;689;-401;288;96;76;435;302;911;-;765;2,07;197;69;-;590;767;1,448;353;-12;63.4;2002-08-09
2002-09-30;300;-203;97;-13;100;250;269;730;-;792;1,901;134;98;-;452;731;1,308;86;-23;63.4;2002-11-29
2002-12-31;181;-150;31;-47;16;219;417;764;-;803;1,953;175;63;-;441;832;1,402;-126;-19;61.8;2003-02-09
2003-03-31;676;-413;263;62;12;724;400;1,26;384;420;2,454;264;288;-;829;873;1,834;-254;-13;61.8;2003-05-10
2003-06-30;710;-412;298;91;57;521;323;1,019;393;426;2,225;225;-;61;622;755;1,508;423;-9;61.8;2003-08-09
2003-09-30;343;-223;120;-3;156;291;276;813;407;429;2,03;149;-;55;448;702;1,302;174;-11;61.8;2003-11-29
2003-12-31;181;-140;42;-71;26;229;442;791;413;436;2,015;181;31;-;378;810;1,349;-188;-4;64.6;2004-02-09
2004-03-31;724;-426;297;73;14;776;419;1,316;423;432;2,541;279;28;-;593;1,04;1,796;-204;-7;64.6;2004-05-10
2004-06-30;769;-439;330;100;39;549;336;1,036;421;430;2,252;238;-;25;617;612;1,392;450;-5;64.6;2004-08-09
2004-09-30;432;-282;150;-2;116;292;290;830;418;431;2,048;130;-;22;434;609;1,173;156;-19;64.6;2004-11-29
2005-01-01;247;-185;61;-63;29;253;501;854;450;448;2,116;197;-;21;450;727;1,288;-171;-5;66.8;2005-02-10
2005-04-01;813;-486;328;83;35;798;486;1,402;429;459;2,647;271;-;25;635;968;1,728;-245;-7;66.8;2005-05-11
2005-07-01;901;-567;334;88;177;545;356;1,146;423;445;2,359;212;-;18;617;604;1,343;483;-8;66.8;2005-08-10
2005-09-30;408;-270;138;-8;80;323;325;788;433;440;2,019;152;-;11;486;382;993;160;-21;66.8;2005-11-29
2005-12-31;250;-196;54;-53;38;251;559;911;451;472;2,216;216;-;14;434;679;1,24;-234;-14;67.5;2006-02-09
2006-04-01;908;-561;346;95;27;916;538;1,552;457;470;2,859;267;-;12;632;1,064;1,83;-325;-12;67.5;2006-05-11
2006-07-01;1,048;-642;406;133;64;662;433;1,223;473;473;2,547;241;-;13;657;613;1,408;563;-10;67.5;2006-08-10
2006-09-30;492;-342;150;-43;48;380;409;942;458;425;2,218;200;-;6;496;475;1,136;178;-20;67.5;2006-11-29
2006-12-31;271;-216;55;-59;36;265;629;1,037;471;425;2,328;221;-;15;441;679;1,286;-204;-16;65.2;2007-02-09
2007-03-31;993;-625;368;83;44;1,001;572;1,747;475;422;3,043;342;-;24;721;1,783;2,668;-316;-14;65.2;2007-05-10
2007-06-30;1,098;-676;423;130;67;403;432;1,323;478;419;2,619;274;-;237;921;1,03;2,113;582;-8;65.2;2007-08-09
2007-09-30;509;-351;158;-40;68;248;406;999;463;419;2,277;203;-;86;587;1,031;1,798;184;-16;65.2;2007-11-29
2007-12-31;309;-237;71;-57;65;269;664;1,134;463;417;2,409;232;-;28;520;1,287;1,991;-180;-15;64.5;2008-02-09
2008-03-31;958;-635;323;58;77;1,035;625;1,897;467;418;3,171;368;-;282;1,071;1,446;2,705;-376;-10;64.5;2008-05-10
2008-06-30;1,171;-747;424;23;166;435;475;1,59;387;377;2,734;295;-;292;1,031;1,028;2,234;516;-11;64.5;2008-08-09
2008-09-30;544;-423;122;-35;85;260;416;1,045;378;367;2,156;208;-;150;678;850;1,72;240;-20;64.5;2008-11-29
2008-12-31;286;-209;77;-53;48;279;643;1,166;371;367;2,263;273;-;98;660;1,039;1,894;-172;-8;65;2009-02-09
2009-03-31;941;-584;356;84;48;638;668;1,884;368;362;2,968;352;-;396;1,131;1,196;2,515;-447;-11;65;2009-05-10
2009-06-30;1,231;-756;476;151;149;756;547;1,613;375;365;2,709;269;-;153;958;968;2,107;622;-8;65;2009-08-09
2009-09-30;523;-374;148;-27;72;384;459;1,091;375;364;2,22;190;-;160;757;650;1,636;261;-45;65;2009-11-29
2010-01-01;252;-200;53;-50;52;205;588;1,24;306;360;2,286;279;-;167;740;799;1,748;-177;-19;67.6;2010-02-10
2010-04-01;1,051;-636;415;114;38;916;532;2;306;354;3,052;302;-;244;1,016;1,156;2,378;-435;-19;67.6;2010-05-11
2010-07-01;1,173;-691;482;170;78;603;406;1,477;306;347;2,523;213;-;200;994;490;1,688;768;-9;67.6;2010-08-10
2010-09-30;422;-296;126;-33;88;351;353;1,118;306;330;2,164;142;-;195;737;437;1,4;140;-37;67.6;2010-11-29
2011-01-01;230;-181;49;-67;79;213;567;1,196;306;327;2,255;209;-;169;667;687;1,577;-170;-28;66.2;2011-02-10
2011-04-01;1,13;-667;463;149;129;1,142;556;1,992;306;345;3,075;366;-;765;1,639;416;2,286;-434;-16;66.2;2011-05-11
2011-07-01;1,037;-635;402;120;164;694;442;1,438;307;343;2,527;259;-;2;751;782;1,759;591;-9;66.2;2011-08-10
2011-09-30;403;-289;114;-62;131;324;387;993;309;320;2,052;150;-;3;469;792;1,492;136;-19;66.2;2011-11-29
2011-12-31;200;-174;26;-73;128;167;655;1,112;309;316;2,164;220;-;8;449;1,026;1,7;-201;-16;62.1;2012-02-09
2012-03-31;1,17;-709;462;126;122;899;602;2,027;309;312;3,07;346;-;228;1,012;1,241;2,48;-419;-9;62.1;2012-05-10
2012-06-30;1,055;-686;369;96;132;517;469;1,346;309;309;2,384;243;-;91;810;680;1,71;736;-13;62.1;2012-08-09
2012-09-30;401;-296;105;-37;132;331;415;1;309;307;2,074;152;-;2;434;781;1,473;38;-30;62.1;2012-11-29
2012-12-31;195;-165;31;-68;116;168;647;1,057;314;303;2,128;186;-;4;376;982;1,614;-169;-25;62.6;2013-02-09
2013-03-31;1,008;-631;377;99;99;714;613;1,837;315;299;2,897;328;-;208;888;1,163;2,29;-377;-10;62.6;2013-05-10
2013-06-30;1,137;-695;442;148;105;482;386;1,309;315;298;2,362;231;-;166;846;548;1,621;688;-8;62.6;2013-08-09
2013-09-30;434;-303;131;-19;130;207;325;881;315;284;1,937;138;-;92;510;478;1,227;199;-17;62.6;2013-11-29
2013-12-31;190;-156;34;-66;125;158;606;1,016;335;320;2,159;231;-;230;649;652;1,538;-180;-43;62.7;2014-02-09
2014-03-31;1,081;-647;434;126;153;747;546;1,938;333;319;3,071;343;-;279;1,018;1,145;2,396;-434;-10;62.7;2014-05-10
2014-06-30;1,116;-693;423;121;147;512;388;1,411;333;281;2,506;279;-;201;908;629;1,751;649;-16;62.7;2014-08-09
2014-09-30;191;-192;-1;-35;89;224;385;935;351;303;2,058;193;-;92;545;692;1,505;207;-19;62.7;2014-11-29
2014-12-31;170;-163;7;-75;130;185;683;1,126;364;309;2,265;220;-;37;422;1,133;1,818;-267;-15;62.2;2015-02-09
2015-03-31;1,072;-647;425;139;55;682;596;1,864;372;309;3,01;300;-;318;985;1,211;2,454;-382;-14;62.2;2015-05-10
2015-06-30;1,111;-722;389;115;80;437;416;1,44;431;671;3,018;316;-;316;1,343;738;2,338;673;-13;62.2;2015-08-09
2015-09-30;19;-26;-7;-51;71;158;396;1,119;284;655;2,527;193;-;133;619;1,025;1,907;223;-21;62.2;2015-11-29
2016-01-01;195;-173;22;-79;49;193;750;1,317;284;650;2,721;231;-;28;451;1,494;2,207;-339;-16;62;2016-02-10
2016-04-01;1,245;-724;522;226;57;955;620;2,209;285;647;3,686;294;-;203;986;1,765;3,01;-289;-8;62;2016-05-11
2016-07-01;994;-636;358;127;77;360;470;1,481;346;751;3,26;250;-;383;991;1,13;2,447;599;-11;62;2016-08-10
2016-09-30;72;-67;5;-27;29;127;395;1,033;372;690;2,756;131;-;185;707;1,031;2,041;273;-23;62;2016-11-29
2016-12-31;207;-171;37;-58;73;176;686;1,241;397;734;3,012;218;-;42;491;1,648;2,432;-210;-16;60.2;2017-02-09
2017-04-01;1,085;-620;464;154;74;1,121;659;2,01;402;786;3,838;323;-;32;745;2,055;3,16;-279;-17;60.2;2017-05-11
2017-07-01;973;-590;383;145;119;474;467;1,484;409;807;3,348;224;-;289;841;1,42;2,617;581;-9;60.2;2017-08-10
2017-09-30;377;-289;88;-42;121;198;408;882;442;749;2,747;153;-;143;545;1,258;2,098;272;-28;60.2;2017-11-29
2017-12-31;222;-188;34;-66;55;128;696;983;465;783;2,911;223;-;86;471;1,697;2,408;-211;-19;57.1;2018-02-09
2018-03-31;1,013;-604;409;153;33;598;597;1,639;467;778;3,576;254;-;336;906;1,938;3,085;-272;-14;57.1;2018-05-10
2018-06-30;995;-636;359;125;30;388;501;1,319;621;880;3,564;196;-;315;825;1,975;3,038;479;-8;57.1;2018-08-09
2018-09-30;434;-351;83;-126;34;226;481;886;543;857;3,055;151;-;133;613;1,884;2,7;346;-28;57.1;2018-11-29
2018-12-31;298;-261;37;-83;23;164;745;1,079;540;847;3,225;237;-;95;595;2,186;2,977;-233;-13;56.3;2019-02-09
2019-03-31;1,19;-717;473;397;38;700;675;1,839;540;838;3,957;299;-;358;1,16;2,039;3,339;-313;-8;56.3;2019-05-10
2019-06-30;1,17;-747;423;178;36;396;534;1,39;542;831;3,467;223;-;363;955;1,564;2,667;468;-8;56.3;2019-08-09
2019-09-30;498;-406;92;-56;19;224;540;1,042;539;708;3,029;214;-;128;621;1,524;2,31;305;-14;56.3;2019-11-29
2019-12-31;366;-311;55;-71;27;193;866;1,333;541;702;3,456;309;-;94;610;1,938;2,831;-318;-22;56.9;2020-02-09
2020-03-31;1,383;-829;554;250;31;995;743;2,042;538;692;4,136;325;-;212;981;2,083;3,346;-289;-8;56.9;2020-05-10
2020-06-30;1,493;-954;538;204;48;970;493;1,779;540;685;3,877;311;-;206;1,107;1,486;2,878;650;-12;56.9;2020-08-09
2020-09-30;890;-674;217;4;17;475;622;1,217;544;679;3,381;391;-;66;950;1,424;2,683;516;-21;56.9;2020-11-29
2021-01-01;749;-549;200;25;22;347;1,068;1,68;549;685;4,001;499;-;188;1,055;1,95;3,328;-421;-35;57.2;2021-02-10
2021-04-01;1,829;-1,159;670;311;14;1,23;1,019;2,574;546;675;4,934;550;-;213;1,348;2,294;3,993;-279;-19;57.2;2021-05-11
2021-07-01;1,61;-1,114;495;230;58;1,058;963;2,226;547;678;4,621;468;-;54;1,037;2,103;3,499;493;-24;57.2;2021-08-10
2021-09-30;738;-609;129;-49;244;483;1,127;2,024;605;710;4,8;609;-;58;1,14;2,209;3,787;479;-29;57.2;2021-11-29
2022-01-01;566;-447;119;-50;16;311;1,657;2,293;682;812;5,242;428;-;161;915;3,056;4,411;-765;-46;55.5;2022-02-10
2022-04-01;1,678;-1,085;594;276;17;990;1,594;3,254;688;800;6,208;508;-;460;1,47;3,326;5,233;-377;-20;55.5;2022-05-11
2022-07-01;1,186;-884;302;-444;28;675;1,408;2,589;255;627;4,994;291;-;322;1,072;3,132;4,576;463;-33;55.5;2022-08-10
2022-09-30;494;-476;18;-220;87;299;1,344;1,982;254;580;4,297;423;-;144;964;2,804;4,149;551;-15;55.5;2022-11-29
2022-12-31;527;-421;106;-65;26;311;1,526;2,299;254;576;4,534;367;-;217;932;3,173;4,475;-432;-30;56;2023-02-09
2023-04-01;1,532;-1,001;531;109;25;1,036;1,128;2,842;254;566;4,988;416;-;435;1,373;3,122;4,851;-135;-22;56;2023-05-11
2023-07-01;1,119;-880;239;44;27;718;885;2,251;255;560;4,454;366;-;451;1,329;2,613;4,32;563;-22;56;2023-08-10
2023-09-30;375;-408;-33;-468;32;304;880;1,398;244;437;3,414;271;-;52;774;2,542;3,681;535;-19;56;2023-11-29
2023-12-31;410;-354;56;-81;10;288;1,17;1,681;244;433;3,716;333;-;55;764;2,954;4,102;-343;-38;56;2024-02-09
2024-04-01;1,525;-986;549;157;65;876;824;1,935;244;429;3,924;440;-;58;1,06;2,76;4,175;304;-16;57.4;2024-04-29
2024-06-30;1,202;-850;354;132;279;504;606;1,538;244;425;3,489;316;-;53;854;2,436;3,489;-;-;58;2024-07-29