date;revenue;cogs;gross_profit;net_profit;cash;acc_rec;inventory;curr_assets;goodwill;intangible_assets;total_assets;acc_pay;short_term_debt;current_debt;curr_liab;long_term_debt;total_liab;cash_from_operating_activities;capex;shares
1999-03-31;2,615;-436;2,179;158;-;-;-;4,242;-;-;16,142;-;-;-;3,985;-;10,872;152;-193;759.6
1999-06-30;2,705;-433;2,272;139;477;2,099;1,327;3,919;-;-;15,91;-;-;-;3,181;4,658;10,44;385;-154;759.6
1999-09-30;2,624;-423;2,202;166;818;2,1;1,298;4,27;-;-;16,118;-;-;-;3,743;4,276;10,504;278;-172;759.6
1999-12-31;2,691;-463;2,229;294;642;2,091;1,266;4,133;-;-;16,038;-;-;-;3,695;3,846;10,082;644;-211;759.6
2000-03-31;2,992;-445;2,547;301;-;-;-;4,352;-;-;16,331;-;-;-;3,837;-;10,262;395;-134;927.2
2000-06-30;3,094;-470;2,623;635;1,5;2,252;1,296;5,294;-;-;15,785;-;-;-;2,58;4,094;9,148;496;-162;927.2
2000-09-30;3,253;-487;2,767;335;863;2,571;1,629;5,431;-;-;22,461;-;-;-;4,402;5,704;13,725;473;-207;927.2
2000-12-31;3,678;-594;3,084;177;744;2,361;1,59;4,944;-;-;21,323;-;-;-;3,803;5,515;12,752;796;-266;927.2
2001-03-31;3,637;-559;3,078;283;429;2,371;1,676;5,096;-;-;21,474;-;-;-;4,309;5,359;13,044;-166;-176;907.9
2001-06-30;3,388;-586;2,803;156;428;2,309;1,659;4,86;-;-;21,457;-;-;-;3,922;5,477;12,802;517;-215;907.9
2001-09-30;3,201;-546;2,655;212;275;2,209;1,651;4,836;-;-;20,597;-;-;-;3,396;5,353;11,965;424;-182;907.9
2001-12-31;3,283;-544;2,739;272;247;1,976;1,6;4,381;-;-;20,558;-;-;-;3,347;5,182;11,569;754;-284;907.9
2002-03-31;3,229;-577;2,652;161;103;2,067;1,715;4,502;-;-;20,717;-;-;-;3,865;5,058;11,921;137;-155;899.8
2002-06-30;3,233;-589;2,644;138;82;1,919;1,571;4,535;-;-;19,651;-;-;-;3,254;4,662;10,824;683;-183;899.8
2002-09-30;3,109;-546;2,563;-996;74;1,93;1,602;4,239;-;-;18,061;-;-;-;3,079;4,573;10,414;624;-208;899.8
2002-12-31;3,212;-597;2,616;456;169;1,902;1,565;4,97;-;-;18,214;-;-;-;2,736;4,525;10,057;-125;-331;899.8
2003-03-31;3,099;-2,428;671;86;237;1,879;1,671;4,745;-;-;18,761;-;-;345;3,4;4,28;10,699;587;-236;864.2
2003-06-30;3,057;-2,481;576;56;299;1,821;1,659;4,425;-;-;18,403;-;-;276;3,253;4,169;10,395;658;-324;864.2
2003-09-30;2,987;-2,416;571;44;195;1,957;1,68;4,32;-;-;18,462;-;-;205;3,21;4,115;10,375;261;-303;864.2
2003-12-31;3,029;-2,388;641;-42;202;1,703;1,624;4,494;-;-;17,942;-;-;360;3,661;3,405;10,004;142;-370;864.2
2004-03-31;3,018;-2,439;579;410;480;1,864;1,727;4,507;-;-;16,685;-;-;104;2,859;3,426;8,794;537;-216;837.2
2004-06-30;3,103;-2,561;542;52;208;1,889;1,776;4,266;-;-;16,536;-;-;105;2,838;3,358;8,639;124;-281;837.2
2004-09-30;3,033;-2,366;667;137;196;1,859;1,851;4,29;-;-;16,596;-;-;152;3,051;3,187;8,616;385;-268;837.2
2004-12-31;3,242;-2,501;741;148;274;1,865;1,771;4,32;-;-;16,412;-;-;102;2,724;3,328;8,376;375;-214;837.2
2005-03-31;3,145;-2,578;567;60;294;1,938;1,951;4,558;-;65;16,97;-;-;336;3,799;3,167;9,298;154;-358;812.9
2005-06-30;3,187;-2,694;493;-9;271;1,835;1,816;4,308;-;-;16,832;-;-;369;3,211;4,011;9,348;257;-252;812.9
2005-09-30;3,219;-2,652;568;67;305;2,122;2,03;4,878;-;-;17,872;-;-;337;3,602;4,359;10,241;250;-267;812.9
2005-12-31;3,636;-2,984;652;-225;351;2,186;2,151;5,054;-;44;17,831;-;-;385;4,062;4,354;10,611;88;-269;812.9
2006-03-31;3,608;-2,925;683;226;353;2,261;2,211;5,303;-;124;17,818;-;-;160;4,014;4,392;10,746;277;-168;789.5
2006-06-30;2,817;-2,38;437;79;299;2,273;2,146;5,121;-;118;17,398;-;-;585;3,662;4,324;10,294;293;-107;789.5
2006-09-30;3,212;-2,651;561;93;301;2,29;2,054;5,082;-;105;17,134;-;-;626;3,45;4,201;9,971;386;-129;789.5
2006-12-31;3,32;-2,71;610;302;609;2,157;2,02;5,038;-;98;17,382;-;-;630;3,34;4,081;9,583;520;-180;789.5
2007-03-31;3,001;-2,373;628;197;526;2,404;2,127;5,372;-;102;17,557;-;-;651;3,764;4,141;9,915;173;-109;789.5
2007-06-30;2,99;-2,436;554;149;318;2,444;2,22;5,286;-;8;17,511;-;-;338;3,658;3,89;9,458;267;-187;789.5
2007-09-30;2,877;-2,396;480;-275;180;2,139;2,073;7,072;-;8;16,794;-;-;408;5,14;2,647;9,201;274;-211;789.5
2007-12-31;2,981;-2,605;376;-60;971;2,063;1,993;5,289;-;5;15,311;-;-;513;3,193;3,355;7,717;75;-313;789.5
2008-03-31;2,832;-2,472;359;66;206;1,861;1,927;5,22;-;86;14,791;-;-;366;3,342;3,178;7,657;-76;-136;789.5
2008-06-30;2,872;-2,461;411;29;489;1,989;1,888;4,668;-;86;14,88;-;-;265;2,85;3,162;7,097;119;-195;789.5
2008-09-30;2,723;-2,369;354;-119;399;1,841;1,911;4,49;-;81;14,168;-;-;94;2,517;3,404;7,056;248;-153;789.5
2008-12-31;2,603;-2,399;204;-655;416;1,583;1,694;3,969;-;67;12,241;-;-;437;2,775;3,008;6,647;290;-223;789.5
2009-03-31;2,131;-1,959;172;-36;493;1,424;1,668;3,887;-;104;12,052;-;-;564;2,883;2,936;6,67;286;-104;789.5
2009-06-30;2,185;-1,886;299;-368;648;1,437;1,492;3,773;-;41;11,871;-;-;1,067;2,974;2,501;6,352;249;-108;789.5
2009-09-30;2,231;-1,909;322;-520;548;1,447;1,43;3,649;-;39;11,315;-;-;998;2,947;2,454;6,347;203;-109;789.5
2009-12-31;2,399;-2,098;301;46;890;1,363;1,282;3,758;-;25;11,593;-;-;815;2,62;2,898;6,469;569;-102;789.5
2010-03-31;2,296;-1,982;314;102;865;1,434;1,333;3,897;-;75;12,069;-;-;696;2,806;3,042;6,863;105;-113;789.5
2010-06-30;2,692;-2,267;425;160;858;1,597;1,363;4,085;-;61;12,296;-;-;589;2,781;3,043;6,839;299;-75;789.5
2010-09-30;2,624;-2,151;472;194;1,121;1,638;1,422;4,477;-;51;12,626;-;-;604;2,758;3,124;6,895;203;-74;789.5
2010-12-31;2,685;-2,376;309;313;1,111;1,622;1,475;4,495;-;41;13,037;-;-;304;2,57;3,259;6,834;205;-139;789.5
2011-03-31;2,727;-2,269;458;156;1,115;1,714;1,597;4,781;-;101;13,236;-;-;228;2,628;3,321;6,917;12;-57;789.5
2011-06-30;2,817;-2,39;427;136;1,025;1,678;1,61;4,594;-;66;12,969;-;-;192;2,529;3,283;6,74;152;-85;789.5
2011-09-30;2,739;-2,358;381;-50;1,183;1,633;1,572;4,704;-;57;12,948;-;-;218;2,737;3,329;7,014;301;-80;789.5
2011-12-31;2,682;-2,368;314;100;1,139;1,655;1,529;4,61;-;43;12,999;-;-;250;2,786;3,339;7,126;232;-187;789.5
2012-03-31;2,673;-2,311;362;74;1,251;1,709;1,541;4,802;-;75;13,133;-;-;245;2,626;3,598;7,23;124;-94;789.5
2012-06-30;2,721;-2,357;364;69;1,249;1,748;1,55;4,752;-;39;13,06;-;-;214;2,649;3,838;7,506;205;-128;789.5
2012-09-30;2,694;-2,31;384;81;1,708;1,754;1,526;5,192;-;39;13,654;-;-;208;2,463;4,434;7,929;223;-155;789.5
2012-12-31;2,727;-2,348;379;266;1,921;1,714;1,51;5,374;-;30;14,293;-;-;202;2,638;4,799;8,523;384;-184;789.5
2013-03-31;2,672;-2,33;342;-16;1,764;1,851;1,61;5,439;-;35;14,416;-;-;206;2,738;4,832;8,644;56;-172;788.6
2013-06-30;2,726;-2,384;342;21;1,869;1,787;1,51;5,332;-;15;13,817;-;-;716;3,251;4,276;8,556;291;-170;788.6
2013-09-30;2,553;-2,136;417;84;2,097;1,636;1,459;5,442;-;18;13,298;-;-;602;3,037;3,884;7,917;276;-182;788.6
2013-12-31;2,612;-2,237;375;-160;2,073;1,555;1,445;5,233;220;75;13,452;-;12;544;3,137;4,201;8,239;392;-216;788.6
2014-03-31;2,568;-2,171;397;100;2,018;1,689;1,514;5,357;-;47;13,478;-;-;512;3,112;4,158;8,192;67;-132;788.6
2014-06-30;2,579;-2,203;376;1;1,553;1,637;1,446;4,726;-;30;13,01;-;-;160;2,588;4,254;7,917;271;-162;788.6
2014-09-30;2,514;-2,064;450;123;1,523;1,621;1,444;4,663;-;31;13,235;-;-;584;2,982;3,872;7,994;188;-229;788.6
2014-12-31;2,552;-2,093;459;-134;1,446;1,484;1,403;4,415;242;184;12,847;-;2;611;3,127;3,53;7,777;362;-264;788.6
2015-03-31;2,491;-2,017;474;129;1,321;1,55;1,507;4,522;248;218;13,253;-;1;606;3,193;3,618;7,917;52;-142;788.6
2015-06-30;2,562;-2,137;425;123;987;1,531;1,421;4,008;247;193;12,459;-;1;557;3,019;3,337;7,465;419;-228;788.6
2015-09-30;2,5;-2,041;459;124;798;1,418;1,389;3,671;247;186;12,001;-;1;206;2,679;3,334;7,077;393;-250;788.6
2015-12-31;2,487;-2,078;409;407;808;1,324;1,373;3,564;248;176;12,361;-;1;228;2,715;3,342;6,973;352;-336;788.6
2016-03-31;2,445;-2;445;114;605;1,334;1,403;3,424;246;183;12,161;-;1;237;2,584;3,173;6,661;171;-193;788.6
2016-06-30;2,526;-2,084;442;118;519;1,289;1,336;3,291;247;167;12,071;-;8;646;3,006;2,688;6,579;440;-172;788.6
2016-09-30;2,393;-1,966;427;119;781;1,28;1,29;3,485;247;193;12,171;-;6;650;3,061;2,604;6,547;332;-213;788.6
2016-12-31;2,438;-2,028;410;56;953;1,273;1,346;3,627;238;194;12,326;-;4;552;2,989;2,655;6,52;417;-220;788.6
2017-03-31;2,497;-2,045;452;107;932;1,337;1,438;3,749;237;207;12,384;-;8;821;3,284;2,334;6,47;83;-135;788.6
2017-06-30;2,528;-2,092;436;143;499;1,335;1,351;3,259;237;200;11,59;-;4;395;2,796;2,315;5,978;283;-128;788.6
2017-09-30;2,509;-2,013;496;191;418;1,325;1,331;3,154;237;188;11,47;-;5;389;2,754;2,092;5,671;364;-138;788.6
2017-12-31;2,511;-2,066;445;173;607;1,319;1,321;3,336;237;241;11,77;-;4;370;2,963;2,046;5,762;472;-257;788.6
2018-03-31;2,579;-1,985;594;273;687;1,396;1,45;3,623;237;271;11,823;-;4;413;2,915;2,067;5,681;126;-116;788.6
2018-06-30;2,664;-2,125;539;213;629;1,451;1,42;3,58;237;278;11,773;-;8;382;2,892;2,163;5,73;285;-125;788.6
2018-09-30;2,585;-2,009;576;204;1,005;1,453;1,503;4,025;238;276;12,364;-;21;425;2,997;2,243;5,928;408;-129;788.6
2018-12-31;2,658;-2,175;483;299;1,13;1,487;1,567;4,248;243;280;12,849;-;1;403;3,147;2,265;6,135;273;-155;788.6
2019-03-31;2,635;-2,1;535;226;1,223;1,569;1,666;4,496;244;250;13,608;-;2;320;3,093;3,296;7,086;124;-123;788.6
2019-06-30;2,608;-2,128;480;52;833;1,481;1,558;3,909;322;214;14,742;-;7;354;2,892;3,823;8,02;463;-120;788.6
2019-09-30;2,402;-1,979;423;58;713;1,319;1,519;3,576;312;207;14,432;-;19;332;2,778;3,508;7,557;428;-148;788.6
2019-12-31;2,411;-2,095;316;520;876;1,289;1,391;3,59;302;206;15,053;-;529;376;2,917;3,232;7,623;645;-207;788.6
2020-03-31;2,207;-1,829;378;150;756;1,26;1,397;3,444;295;241;14,459;-;-;352;2,938;3,144;7,442;71;-177;788.6
2020-06-30;2,114;-1,762;352;144;1,062;1,205;1,364;3,67;280;209;14,972;-;-;274;2,554;3,614;7,728;291;-124;788.6
2020-09-30;2,079;-1,738;341;87;1,364;1,158;1,302;3,867;278;194;15,053;-;8;471;2,808;3,468;7,81;384;-147;788.6
2020-12-31;2,153;-1,873;280;237;1,661;1,145;1,27;4,155;281;170;17,431;-;419;472;2,895;3,822;8,622;382;-213;788.6
2021-03-31;2,276;-1,865;411;145;1,269;1,317;1,343;3,962;282;251;17,121;-;433;518;3,011;3,621;8,412;143;-192;788.6
2021-06-30;2,592;-2,064;528;208;1,313;1,432;1,338;4,135;279;250;17,609;-;373;490;3,055;3,52;8,402;370;-122;788.6
2021-09-30;2,577;-2,025;552;299;1,272;1,442;1,468;4,222;280;266;17,922;-;370;180;2,903;3,465;8,153;443;-138;788.6
2021-12-31;2,719;-2,149;570;616;1,481;1,449;1,478;4,509;282;261;19,026;-;373;180;3,165;3,313;8,344;520;-192;788.6
2022-03-31;2,798;-2,162;636;286;983;1,543;1,619;4,28;283;395;18,901;-;432;182;3,317;3,082;8,176;325;-177;788.6
2022-06-30;3,054;-2,392;662;299;1,358;1,662;1,719;4,867;283;330;19,675;-;399;488;3,537;3,039;8,325;344;-153;788.6
2022-09-30;2,963;-2,257;706;367;1,624;1,572;1,766;5,083;252;316;20,88;-;411;442;3,512;3,01;8,391;549;-150;788.6
2022-12-31;2,864;-2,372;492;584;1,917;1,473;1,81;5,287;244;244;20,922;-;429;667;3,697;2,792;8,39;364;-224;788.6
2023-03-31;2,721;-2,304;417;185;1,257;1,463;1,903;4,723;557;566;20,288;-;504;917;4,001;2,864;8,601;209;-253;788.6
2023-06-30;2,374;-2,217;157;-257;1,973;1,304;1,761;5,134;575;473;20,078;-;561;450;3,281;4,088;9,011;66;-215;788.6
2023-09-30;2,127;-1,947;180;-34;2,077;1,258;1,652;5,051;576;468;20,226;-;580;489;3,355;4,182;9,158;205;-193;788.6
2023-12-31;2,174;-2,03;144;-325;2,464;1,191;1,466;5,216;505;391;20,754;-;418;286;3,004;4,446;9,768;272;-328;788.6