date;revenue;cogs;gross_profit;net_profit;cash;acc_rec;inventory;curr_assets;goodwill;intangible_assets;total_assets;acc_pay;short_term_debt;current_debt;curr_liab;long_term_debt;total_liab;cash_from_operating_activities;capex;shares
2001-03-31;9,402;-7,769;1,633;50;890;6,109;7,128;15,946;-;4,408;36,238;2,976;-;-;16,312;9,656;27,591;775;-480;514.49
2001-06-30;9,598;-7,908;1,69;272;1,07;6,274;7,244;16,522;-;4,37;36,66;3,109;-;-;16,649;9,429;27,685;177;-491;514.49
2001-09-30;9,646;-7,755;1,891;93;1,234;5,721;6,525;15,141;-;4,169;34,649;3,248;-;-;16,616;7,665;25,863;1,76;-643;514.49
2001-12-31;8,339;-6,951;1,388;18;1,053;5,423;6,753;15,097;-;4,275;34,804;2,783;-;-;16,102;8,243;25,865;-270;-390;514.49
2002-03-31;9,015;-7,481;1,534;70;834;5,69;6,821;15,158;-;4,308;34,835;3,034;-;-;16,438;8,182;26,128;305;-356;514.49
2002-06-30;9,599;-7,791;1,808;221;843;5,471;6,547;14,655;-;3,971;33,17;2,872;-;-;16,065;7,156;24,647;915;-315;514.49
2002-09-30;8,975;-7,376;1,599;300;921;5,353;6,001;13,652;-;3,691;31,16;3,128;-;-;16,272;5,683;22,873;1,504;-474;514.49
2002-12-31;8,641;-7,115;1,526;93;920;4,883;6,216;13,4;-;3,563;30,526;2,727;-;-;15,538;5,806;22,224;65;-313;514.49
2003-03-31;9,165;-7,593;1,572;148;777;5,232;6,124;13,642;-;3,499;30,568;2,903;-;-;15,735;5,726;22,419;462;-296;514.49
2003-06-30;8,798;-7,179;1,619;221;926;5,167;6,181;13,786;-;3,483;30,548;2,977;-;-;15,82;5,816;22,641;563;-286;514.49
2003-09-30;8,723;-7,129;1,594;151;690;5,301;5,787;13,04;-;3,473;30,201;3,051;-;-;16,841;4,944;22,53;937;-387;514.49
2003-12-31;8,327;-6,853;1,474;108;956;5,09;5,982;13,565;-;3,464;30,385;2,838;-;-;16,068;5,531;22,771;-23;-303;514.49
2004-03-31;9,198;-7,567;1,631;239;877;5,744;5,977;13,94;-;3,474;30,683;3,355;-;-;16,467;5,176;22,978;465;-358;514.49
2004-06-30;10,067;-8,24;1,827;322;747;6,01;6,179;14,256;-;3,454;30,888;3,287;-;-;16,46;5,028;22,902;391;-295;514.49
2004-09-30;9,711;-7,995;1,716;221;1,35;5,764;6,274;14,406;-;3,554;31,141;3,644;-;-;17,573;4,232;22,814;1,726;-475;514.49
2004-12-31;10,088;-8,204;1,884;322;854;5,516;6,903;14,712;-;3,419;30,887;3,344;-;-;17,235;4,303;22,456;-449;-345;514.49
2005-03-31;10,61;-8,8;1,81;257;3,013;6,075;7,55;17,972;-;4,61;34,214;3,546;-;-;18,332;4,732;24,879;324;-333;514.49
2005-06-30;11,253;-9,274;1,979;344;3,182;6,571;6,945;18,061;-;4,774;34,307;3,7;-;-;17,886;5,02;24,599;334;-323;514.49
2005-09-30;10,976;-9,417;1,559;-457;4,625;6,668;6,862;20,149;-;4,589;35,301;3,976;-;-;14,194;3,085;27,746;2,142;-566;514.49
2005-12-31;10,942;-9,209;1,733;255;4,437;6,448;6,973;19,536;-;4,637;34,813;3,634;-;-;13,19;3,16;26,788;59;-384;514.49
2006-03-31;11,786;-9,796;1,99;441;4,563;7,072;6,677;20,154;-;4,752;35,065;3,89;-;-;13,898;2,932;27,039;883;-362;514.49
2006-06-30;12,138;-9,995;2,143;468;4,489;7,317;6,669;20,281;-;4,708;34,898;4,083;-;-;13,449;2,979;26,521;1,004;-387;514.49
2006-09-30;12,259;-10,142;2,117;540;4,446;7,105;8,069;21,543;-;4,703;36,462;4,571;-;-;15,051;2,946;27,949;1,521;-488;514.49
2006-12-31;12,332;-9,964;2,368;661;3,317;7,074;8,516;20,703;-;4,663;35,81;4,474;-;-;14,288;2,674;26,761;-568;-769;514.49
2007-03-31;13,114;-10,711;2,403;244;2,616;7,966;8,809;21,499;-;4,651;36,551;4,815;-;-;15,345;2,661;27,833;500;-528;514.49
2007-06-30;13,444;-10,876;2,568;759;2,682;8,039;9,12;21,721;-;4,65;36,949;4,892;-;-;14,986;2,638;27,51;550;-689;514.49
2007-09-30;12,833;-10,74;2,093;526;3,658;7,577;8,864;22,689;-;4,581;38,074;4,96;-;825;15,886;2,938;28,048;1,738;-887;514.49
2007-12-31;12,27;-10,152;2,118;435;2,415;6,911;9,202;21,569;-;4,569;37,424;4,376;-;629;15,039;2,806;27,112;-169;-898;514.49
2008-03-31;13,199;-10,956;2,243;502;1,97;7,561;8,962;21,691;-;4,56;37,856;4,794;-;1,506;16,711;2,825;28,507;1,002;-863;514.49
2008-06-30;14,181;-11,643;2,538;613;2,755;8,176;9,367;23,74;-;4,602;40,81;5,25;-;1,388;17,952;3,88;30,804;676;-947;514.49
2008-09-30;13,776;-11,519;2,257;726;2,725;7,885;9,494;23,334;-;4,683;41,642;5,731;-;1,348;18,425;3,389;30,635;2,17;-1,31;514.49
2008-12-31;11,522;-9,735;1,787;163;3,327;6,616;9,606;23,134;-;4,677;42,025;3,997;-;1,484;16,775;5,849;31,617;-860;-1,095;566.94
2009-03-31;9,859;-8,998;861;-362;3,688;5,931;8,439;21,256;-;4,792;41,399;3,462;-;942;15,383;6,993;31,576;1,483;-899;566.94
2009-06-30;9,299;-8,577;722;-630;5,094;5,668;7,185;20,892;-;4,775;41,481;3,401;-;704;14,788;8,132;32,417;1,331;-881;566.94
2009-09-30;9,883;-9,698;185;-1,044;5,349;5,12;6,735;20,924;-;4,642;41,367;4,169;-;305;15,837;7,164;33,44;1,745;-1,137;566.94
2009-12-31;9,351;-7,878;1,473;195;5,067;4,775;6,925;19,588;-;4,665;40,843;3,848;-;582;15,526;6,625;32,608;-308;-710;566.94
2010-03-31;10,107;-8,614;1,493;234;4,33;5,819;7,152;20,747;-;4,624;42,659;4,323;-;1,306;17,523;5,95;34,144;184;-740;566.94
2010-06-30;11,679;-9,844;1,835;298;3,663;6,549;8,092;22,011;-;4,773;45,141;5,012;-;1,368;18,53;6,287;36,159;-23;-934;566.94
2010-09-30;11,484;-9,91;1,574;200;3,38;5,882;8,262;20,963;-;4,651;43,712;5,411;-;1,278;18,09;6,157;35,212;1,015;-681;566.94
2010-12-31;10,02;-8,562;1,458;90;2,569;5,971;9,325;21,724;-;4,708;45,129;5,06;-;1,543;18,078;7,121;35,687;-1,435;-651;566.94
2011-03-31;10,68;-9,073;1,607;200;1,734;6,494;9,834;21,715;-;4,58;44,313;5,699;-;779;17,651;7,715;35,325;-79;-602;566.94
2011-06-30;11,506;-9,697;1,809;263;1,639;6,256;10,298;22,503;-;4,56;44,611;5,417;-;501;18,182;7,461;35,54;709;-458;566.94
2011-09-30;10,519;-8,045;2,474;1,239;3,23;5,138;8,105;24,43;-;4,166;43,603;4,926;-;178;18,807;6,494;34,591;1,581;684;566.94
2011-12-31;9,596;-8,109;1,487;54;1,767;5,128;8,76;23,193;-;4,352;43,105;4,429;-;765;17,914;6,965;34,491;-1,815;-265;566.94
2012-03-31;10,195;-8,679;1,516;-138;2,497;5,636;8,351;23,392;-;4,305;42,857;4,482;-;1,5;18,408;7,349;35,295;96;-238;566.94
2012-06-30;10,362;-8,861;1,501;403;3,06;5,761;8,187;24,04;-;4,354;43,918;4,42;-;2,3;20,072;6,392;36,171;871;-249;566.94
2012-09-30;11,383;-14,423;-3,04;-4,654;2,221;5,126;6,367;25,227;-;4,291;38,284;3,514;-;1,929;19,961;5,256;34,298;462;-951;566.94
2012-12-31;9,189;-7,87;1,319;-77;4,214;4,622;6,566;22,386;-;4,267;37,267;3,345;-;2,439;17,853;6,303;33,946;-140;-333;566.94
2013-03-31;9,54;-8,098;1,442;-129;4,686;4,968;6,434;22,865;-;4,283;37,803;3,415;-;1,235;17,355;8,072;34,965;162;-281;566.94
2013-06-30;9,92;-8,613;1,307;-428;3,695;4,914;6,284;21,518;-;4,199;35,958;3,43;-;2;17,95;6,403;33,76;417;-235;566.94
2013-09-30;9,91;-9,241;669;-995;3,858;4,915;6,508;19,539;-;4,219;35,574;3,765;-;2,03;17,488;7,075;33,331;347;-389;566.94
2013-12-31;9,088;-7,647;1,441;-257;4,058;4,317;6,81;20,916;-;4,165;35,458;3,784;-;1,926;17,354;6,602;32,439;39;-247;566.94
2014-03-31;10,269;-8,707;1,562;272;5,035;5,633;7,709;21,44;-;4,214;36,428;4,637;-;2,519;18,703;6,484;33,488;-361;-285;566.94
2014-06-30;10,72;-9,049;1,671;43;3,511;5,711;7,864;20,252;-;4,199;35,264;4,518;-;1,19;17,383;6,455;32,339;154;-273;566.94
2014-09-30;11,135;-9,591;1,544;-49;4,03;5,808;7,529;20,447;-;4,314;36,43;4,936;-;1,071;17,912;6,651;33,447;1,071;-480;566.94
2014-12-31;10,044;-8,414;1,63;47;3,641;5,353;8,043;20,359;-;4,355;36,489;4,843;-;1,268;17,818;6,601;33,772;-386;-246;566.94
2015-03-31;10,995;-9,362;1,633;47;3,884;5,884;7,514;21,329;-;4,518;37,971;4,952;-;1,753;18,577;6,788;35,264;212;-266;566.94
2015-06-30;11,178;-9,34;1,838;191;4,032;6,127;7,432;21,452;-;4,495;37,507;5,08;-;1,956;18,631;6,476;34,135;450;-291;566.94
2015-09-30;10,561;-8,787;1,774;-6;4,535;5,118;6,945;19,474;-;4,529;35,694;4,985;-;1,57;17,043;6,385;32,512;1,024;-475;566.94
2015-12-31;9,239;-7,682;1,557;55;3,648;5,3;7,202;19,201;-;4,564;35,656;4,425;-;1,543;16,873;6,495;32,359;-598;-245;566.94
2016-03-31;9,588;-7,928;1,66;108;3,539;5,118;6,686;18,349;-;4,51;34,699;4,237;-;2,144;16,349;6,217;32,002;-106;-223;566.94
2016-06-30;9,603;-7,913;1,69;88;3,094;5,284;6,542;18,122;-;4,556;34,627;4,301;-;1,661;15,891;6,209;32,407;547;-398;566.94
2016-09-30;9,57;-7,898;1,672;106;4,105;5,003;6,341;18,468;-;4,57;35,072;5,119;-;1,455;16,329;6,157;32,97;1,544;-496;566.94
2016-12-31;9,718;-8,126;1,592;-6;2,545;5,097;7,219;18,296;-;4,653;34,97;4,886;-;1,904;16,309;6,082;32,214;-1,45;-285;566.94
2017-03-31;6,996;-5,836;1,16;43;2,868;5,531;7,027;20,695;-;4,671;35,36;5,3;-;1,366;16,795;7,069;33,571;109;-340;566.94
2017-06-30;8,504;-7,1;1,404;124;2,204;6,016;7,301;20,497;-;4,82;35,126;5,021;-;1,248;16,698;7,049;33,381;3;-2;566.94
2017-09-30;8,775;-7,481;1,294;-149;5,292;6,204;6,946;21,169;-;4,813;35,686;5,729;-;1,93;17,733;5,326;32,797;1,948;-333;622.53
2017-12-31;7,726;-6,402;1,324;-23;3,542;5,676;7,559;19,638;-;4,78;33,87;5,112;-;1,887;16,126;5,205;31,104;-1,276;-195;622.53
2018-03-31;12,258;-10,12;2,138;367;3,657;6,056;7,655;20,346;-;4,762;34,464;5,637;-;2,028;16,796;5,18;31,613;419;-182;622.53
2018-06-30;10,771;-9,154;1,617;-115;3,211;5,315;5,326;24,077;-;4,368;34,368;4,528;-;1,858;21,078;5,086;31,505;60;-468;622.53
2018-09-30;10,779;-9,268;1,511;-241;3,006;6,894;7,359;18,804;-;4,844;34,426;6,533;-;185;17,055;5,191;31,691;1,981;-531;622.53
2018-12-31;9,736;-8,269;1,467;68;2,262;6,045;5,51;24,48;-;4,4;35,091;4,164;-;2,912;22,933;3,937;32,152;-2,245;-169;622.53
2019-03-31;8,768;-7,75;1,018;-272;2,853;6,594;5,531;25,98;-;4,449;36,738;4,727;-;2,233;23,251;5,425;34,139;318;-199;622.53
2019-06-30;8,738;-7,736;1,002;-213;2,84;7,607;8,146;21,713;-;4,922;36,266;5,486;-;2,426;18,687;5,52;34,25;218;-580;622.53
2019-09-30;8,717;-8,002;715;-562;3,706;6,931;7,781;21,162;-;5,029;36,475;6,355;-;886;17,728;6,529;34,724;1,781;-443;622.53
2019-12-31;7,629;-6,914;715;-441;2,079;6,863;8,324;19,927;-;4,979;36,034;4,913;-;2,564;17,855;5,752;34,562;-2,131;-294;622.53
2020-03-31;8,247;-7,615;632;-688;2,295;5,27;7,197;23,386;-;3,042;35,954;4,28;-;4,357;20,856;4,793;35,202;150;-316;622.53
2020-06-30;5,765;-5,66;105;-820;1,813;4,951;6,891;22,838;-;3,008;35,428;3,443;-;5,39;20,925;4,787;35,843;-483;-240;622.53
2020-09-30;7,259;-8,995;-1,736;-3,592;11,547;6,408;5,922;25,989;-;2,075;36,49;3,475;-;1,199;11,497;4,782;26,68;-862;-484;622.53
2020-12-31;7,321;-6,464;857;-121;10,611;5,81;6,11;24,837;-;2,06;35,353;3,664;-;389;10,552;5,168;25,824;265;-236;622.53
2021-03-31;8,577;-7,532;1,045;-175;9,742;6,907;6,48;25,52;-;2,05;36,134;4,323;-;1,606;12,567;3,916;26,159;-477;-327;622.53
2021-06-30;8,676;-7,424;1,252;146;9,408;7,064;7,082;25,911;-;2,026;36,56;4,581;-;1,628;12,926;3,802;26,232;-10;-259;622.53
2021-09-30;9,44;-8,238;1,202;131;8,974;5,742;7,116;26,209;-;1,892;36,811;4,244;-;1,64;13,347;3,784;26,411;314;-626;622.53
2021-12-31;9,023;-7,829;1,194;121;6,717;5,7;8,336;25,356;-;1,892;36,014;4,145;-;284;12,156;3,772;25,049;-599;-246;622.53
2022-03-31;10,599;-8,789;1,81;579;6,455;6,963;9,015;25,444;-;1,882;36,329;4,795;-;1,278;12,848;2,779;24,06;-483;-301;622.53
2022-06-30;10,95;-9,556;1,394;92;5,86;7,364;9,557;25,794;-;1,87;36,361;4,481;-;1,177;12,715;2,783;22,768;-185;-247;622.53
2022-09-30;10,569;-9,305;1,264;419;7,638;7,193;8,889;26,331;-;1,872;37,492;4,807;-;1,195;13,387;2,786;23,29;1,884;-502;622.53
2022-12-31;9,018;-7,851;1,167;98;7,16;6,379;9,208;25,206;-;1,856;36,104;4,052;-;1,162;12,374;2,75;22,146;-137;-224;622.53
2023-03-31;10,107;-9,193;914;-202;5,835;7,384;8,468;24,455;-;1,872;35,132;4,344;-;1,697;13,44;1,252;21,651;206;-415;622.53
2023-06-30;9,598;-8,397;1,201;107;6,163;7,165;8,131;24,34;-;1,853;34,967;4,449;-;1,696;13,303;1,24;21,536;599;-267;622.53
2023-09-30;8,813;-9,438;-625;-1,988;7,339;6,523;7,553;24,019;-;1,828;33,291;4,27;-;1,712;13,117;1,313;21,452;1,396;-851;622.53
2023-12-31;8,181;-7,383;798;-304;6,629;5,767;7,986;23,235;-;1,784;32,068;3,926;-;1,653;12,42;1,276;21,29;-424;-300;622.53