date;revenue;cogs;gross_profit;net_profit;cash;acc_rec;inventory;curr_assets;goodwill;intangible_assets;total_assets;acc_pay;short_term_debt;current_debt;curr_liab;long_term_debt;total_liab;cash_from_operating_activities;capex;shares;real_date
1999-12-31;467;-159;308;22;71;209;84;408;-;660;2,233;122;-;184;459;1,035;1,954;-29;-14;122.85;2000-02-04
2000-03-31;610;-215;395;39;60;219;66;389;-;659;2,214;104;7;101;395;1,043;1,908;104;-16;122.85;2000-05-05
2000-06-30;336;-119;217;-4;91;152;92;372;-;678;2,23;111;2;183;450;1,035;1,942;43;-20;122.85;2000-08-04
2000-09-30;349;-135;214;-10;94;176;117;430;-;676;2,276;157;4;216;539;1,03;2,009;15;-21;122.85;2000-11-19
2000-12-31;737;-265;472;27;109;390;122;694;665;7;2,567;297;10;225;712;1,053;2,259;-16;-18;123.3;2001-02-04
2001-03-31;944;-343;600;46;58;375;88;558;655;7;2,443;178;10;179;542;1,074;2,117;33;-18;123.3;2001-05-05
2001-06-30;412;-121;291;-4;52;204;101;407;-;653;2,282;119;5;139;444;1,066;1,984;90;-18;123.3;2001-08-04
2001-09-30;375;-107;268;-16;88;192;129;460;641;31;2,55;167;10;156;567;1,197;2,275;97;-24;123.3;2001-11-19
2001-12-31;619;-199;420;25;109;259;122;548;640;30;2,642;212;10;189;644;1,157;2,35;29;-23;125.55;2002-02-04
2002-03-31;764;-225;539;54;140;285;75;556;639;29;2,641;170;11;154;540;1,155;2,29;92;-20;125.55;2002-05-05
2002-06-30;446;-255;191;4;135;181;87;452;645;28;2,556;142;8;135;475;1,149;2,207;78;-20;125.55;2002-08-04
2002-09-30;384;-221;163;-6;194;166;109;524;645;26;2,614;166;9;196;587;1,127;2,277;48;-31;125.55;2002-11-19
2002-12-31;740;-243;497;37;274;327;117;775;650;25;2,871;255;11;324;785;1,135;2,347;-4;-26;129.6;2003-02-04
2003-03-31;1,136;-361;775;70;149;447;83;794;654;34;2,911;303;10;152;731;1,133;2,389;155;-25;129.6;2003-05-05
2003-06-30;623;-430;193;-2;122;249;97;586;665;38;2,772;177;13;127;554;1,116;2,166;54;-21;129.6;2003-08-04
2003-09-30;527;-346;181;-6;142;221;137;603;672;35;2,795;203;16;106;585;1,159;2,277;52;-28;129.6;2003-11-19
2003-12-31;894;-597;297;39;144;404;149;806;680;36;3,039;327;18;175;762;1,181;2,501;14;-24;144.9;2004-02-04
2004-03-31;1,317;-914;402;67;143;649;105;988;1,172;145;4,37;399;16;142;821;1,61;3,527;91;-26;144.9;2004-05-05
2004-06-30;823;-538;286;8;160;433;127;798;1,175;141;4,187;270;19;147;735;1,555;3,33;81;-36;144.9;2004-08-04
2004-09-30;751;-502;249;-3;150;377;198;844;1,246;184;4,243;324;98;123;918;1,547;3,409;76;-47;144.9;2004-11-19
2004-12-31;1,362;-925;437;99;122;683;226;1,142;1,305;201;4,68;522;102;206;1,213;1,562;3,761;5;-41;157.35;2005-02-04
2005-03-31;1,788;-1,211;577;170;162;775;135;1,195;1,285;189;4,674;448;65;184;1,119;1,52;3,654;184;-34;157.35;2005-05-05
2005-06-30;933;-629;304;-27;207;433;169;944;1,234;176;4,329;277;17;273;932;1,459;3,349;128;-38;157.35;2005-08-04
2005-09-30;806;-542;265;-24;310;432;240;1,173;1,231;173;4,572;400;97;252;1,163;1,393;3,574;121;-46;157.35;2005-11-19
2005-12-31;1,578;-1,151;427;89;268;735;262;1,669;1,222;166;5,058;619;162;423;1,584;1,455;4,045;-18;-42;160.05;2006-02-04
2006-03-31;1,846;-1,297;549;149;239;717;169;1,308;1,209;165;4,723;441;135;57;943;1,637;3,612;88;-47;160.05;2006-05-05
2006-06-30;919;-612;308;7;276;434;217;1,133;1,241;168;4,618;306;127;79;796;1,643;3,476;122;-44;160.05;2006-08-04
2006-09-30;879;-599;280;-20;186;404;340;1,041;1,418;163;5,081;373;225;32;1,027;1,965;3,981;87;-59;160.05;2006-11-19
2006-12-31;1,463;-994;469;93;124;703;341;1,271;1,443;165;5,377;525;259;32;1,208;1,986;4,219;0;-54;161.85;2007-02-04
2007-03-31;2,002;-1,373;629;188;198;839;203;1,321;1,43;162;5,44;495;155;35;1,05;1,986;4,139;223;-48;161.85;2007-05-05
2007-06-30;1,077;-727;350;9;171;531;250;1,044;1,441;163;5,223;350;117;14;805;2,013;3,923;134;-52;161.85;2007-08-04
2007-09-30;935;-637;298;21;252;478;360;1,175;1,499;173;5,503;421;199;15;1,058;2,039;4,181;99;-69;161.85;2007-11-19
2007-12-31;1,765;-1,242;523;111;212;985;394;1,698;1,514;172;6,068;714;334;14;1,478;2,053;4,665;-83;-52;162.75;2008-02-04
2008-03-31;2,362;-1,691;671;201;240;1,074;229;1,635;1,571;179;6,128;600;162;82;1,322;2,048;4,576;246;-47;162.75;2008-05-05
2008-06-30;1,333;-949;384;11;272;715;318;1,441;1,569;174;5,967;495;66;82;1,119;2,059;4,385;188;-54;162.75;2008-08-04
2008-09-30;1,189;-863;326;-18;245;509;401;1,339;1,49;155;5,685;462;136;82;1,184;1,987;4,267;112;-79;162.75;2008-11-19
2008-12-31;1,779;-1,171;607;184;176;850;345;1,796;1,525;154;6,446;547;438;81;1,8;2,091;5,038;-60;-73;163.95;2009-02-04
2009-03-31;2,138;-1,38;758;242;193;819;174;1,501;1,509;160;6,137;429;195;11;1,284;2,058;4,591;503;-66;163.95;2009-05-05
2009-06-30;962;-592;371;-12;240;476;269;1,161;1,546;162;5,901;276;126;12;947;2,088;4,318;151;-75;163.95;2009-08-04
2009-09-30;859;-528;332;-32;280;427;363;1,185;1,582;166;6,043;335;163;95;1,098;2,039;4,451;72;-88;163.95;2009-11-19
2009-12-31;1,619;-1,027;592;146;216;849;387;1,596;1,568;159;6,453;531;220;95;1,388;2,025;4,771;17;-75;165.75;2010-02-04
2010-03-31;2,12;-1,367;753;233;271;889;224;1,517;1,53;149;6,319;433;147;607;1,692;1,475;4,538;287;-71;165.75;2010-05-05
2010-06-30;962;-616;346;-4;242;513;249;1,111;1,476;138;5,832;298;35;573;1,334;1,457;4,102;212;-83;165.75;2010-08-04
2010-09-30;890;-575;316;-18;261;482;314;1,221;1,563;150;6,374;373;200;574;1,675;1,432;4,55;82;-119;165.75;2010-11-19
2010-12-31;1,766;-1,163;603;155;139;982;387;1,634;1,565;150;6,808;668;274;548;2,024;1,448;4,859;-36;-86;169.35;2011-02-04
2011-03-31;2,181;-1,424;757;216;298;952;222;1,579;1,588;160;6,894;458;222;38;1,228;2,028;4,755;328;-82;169.35;2011-05-05
2011-06-30;1,105;-731;374;-14;318;603;272;1,291;1,612;160;6,674;339;206;39;1,036;2,04;4,563;175;-78;169.35;2011-08-04
2011-09-30;1,039;-665;374;-37;239;562;363;1,307;1,562;148;6,663;400;139;47;1,078;2,11;4,686;88;-115;169.35;2011-11-19
2011-12-31;1,689;-1,102;587;110;229;897;391;1,668;1,625;160;7,154;507;422;47;1,565;2,116;5,16;-22;-87;170.1;2012-02-04
2012-03-31;2,428;-1,527;901;227;402;1,026;348;1,92;2,795;733;10,129;489;190;69;1,471;3,543;7,803;357;-65;170.1;2012-05-05
2012-06-30;1,277;-810;467;-77;437;640;317;1,537;2,756;718;9,652;346;187;86;1,313;3,475;7,394;232;-84;170.1;2012-08-04
2012-09-30;1,128;-661;467;-63;320;644;354;1,471;2,818;658;9,677;410;165;167;1,482;3,348;7,447;142;-103;170.1;2012-11-19
2012-12-31;2,019;-1,218;801;168;348;1,058;379;1,92;2,835;647;10,168;581;333;164;1,783;3,358;7,833;31;-91;173.3;2013-02-04
2013-03-31;2,543;-1,475;1,067;342;446;1,174;292;2,002;2,814;630;10,215;583;178;162;1,617;3,341;7,728;450;-94;173.3;2013-05-05
2013-06-30;1,374;-843;532;-23;402;764;304;1,541;2,834;609;9,807;385;136;196;1,327;3,298;7,313;206;-107;173.3;2013-08-04
2013-09-30;1,259;-785;474;-59;389;765;366;1,628;2,874;608;10,009;472;228;67;1,425;3,542;7,516;115;-194;173.3;2013-11-19
2013-12-31;2,316;-1,443;873;217;418;1,27;412;2,227;2,885;599;10,664;691;422;67;1,879;3,549;8,054;73;-133;175.2;2014-02-04
2014-03-31;3,163;-2,024;1,14;388;494;1,373;324;2,282;2,886;608;10,721;634;260;65;1,655;3,549;7,925;410;-91;175.2;2014-05-05
2014-06-30;1,487;-931;555;-13;438;793;332;1,638;2,885;590;10,078;404;97;78;1,215;3,478;7,307;375;-101;175.2;2014-08-04
2014-09-30;1,311;-818;493;-60;420;699;423;1,663;2,833;576;10,093;460;211;77;1,431;3,434;7,434;147;-131;175.2;2014-11-19
2014-12-31;2,005;-1,697;308;0;410;1,013;391;2,039;2,807;564;10,43;557;459;147;1,97;3,341;7,784;19;-132;175.7;2015-02-04
2015-03-31;2,456;-1,218;1,238;482;446;1,088;202;1,96;2,731;538;10,183;441;90;471;1,851;2,958;7,38;639;-101;175.7;2015-05-05
2015-06-30;1,148;-610;538;-16;386;736;209;1,559;2,928;629;10,52;357;68;83;1,339;3,628;7,772;310;-97;175.7;2015-08-04
2015-09-30;1,083;-540;543;-52;370;632;240;1,461;2,953;610;10,514;393;190;258;1,679;3,41;7,822;196;-160;175.7;2015-11-19
2015-12-31;1,607;-780;826;168;403;834;247;1,675;2,965;602;10,78;423;457;187;1,912;3,422;8,061;128;-132;175.6;2016-02-04
2016-03-31;1,972;-783;1,189;408;466;883;177;1,708;2,999;598;10,955;380;227;9;1,467;3,631;8,015;491;-123;175.6;2016-05-05
2016-06-30;1,131;-388;743;29;909;617;184;1,879;2,981;588;11,104;337;144;380;1,587;3,737;8,155;245;-116;175.6;2016-08-04
2016-09-30;976;-421;555;-116;503;564;210;1,424;2,989;580;10,847;391;292;30;1,442;3,766;8,003;107;-193;175.6;2016-11-19
2016-12-31;1,68;-756;924;291;515;973;228;1,91;2,936;559;11,301;574;234;49;1,575;3,994;8,313;127;-197;177.2;2017-02-04
2017-03-31;2,174;-1,093;1,081;312;638;957;203;1,941;2,948;551;11,386;468;50;171;1,369;4,026;8,22;458;-145;177.2;2017-05-05
2017-06-30;1,154;-593;560;-62;604;634;216;1,567;3,032;571;11,246;359;164;119;1,28;4,015;8,07;261;-130;177.2;2017-08-04
2017-09-30;1,114;-561;553;-17;558;640;279;1,698;3,107;612;11,582;440;367;178;1,691;3,995;8,419;118;-167;177.2;2017-11-19
2017-12-31;2,125;-1,162;963;268;446;1,198;307;2,18;3,186;642;12,344;681;586;224;2,216;4,056;8,842;31;-148;176.9;2018-02-04
2018-03-31;2,812;-1,543;1,269;402;475;1,335;228;2,222;3,218;627;12,445;600;303;86;1,817;4,193;8,671;548;-119;176.9;2018-05-05
2018-06-30;1,441;-813;628;-12;507;828;253;1,809;3,169;530;11,877;443;299;86;1,565;4,089;8,165;347;-128;176.9;2018-08-04
2018-09-30;1,273;-737;536;-2;453;766;318;1,888;3,16;514;11,981;562;425;19;1,733;4,147;8,3;159;-180;176.9;2018-11-19
2018-12-31;2,2;-1,265;935;88;478;1,209;294;2,243;3,155;505;12,368;753;676;20;2,183;4,151;8,699;97;-183;181.1;2019-02-04
2019-03-31;2,606;-1,401;1,205;397;492;1,284;222;2,181;3,148;488;12,351;652;341;18;1,777;4,284;8,498;521;-157;181.1;2019-05-05
2019-06-30;1,364;-723;641;-46;534;794;215;1,717;3,159;480;12,019;444;380;17;1,594;4,292;8,198;307;-170;181.1;2019-08-04
2019-09-30;1,15;-590;560;-131;447;655;230;1,566;3,456;709;13,347;439;796;24;2,027;5,78;9,529;153;-194;181.1;2019-11-19
2019-12-31;2,007;-975;1,032;212;333;1,091;248;1,947;3,483;703;14,286;598;870;28;2,392;5,785;10,29;118;-182;209.8;2020-02-04
2020-03-31;2,229;-1,043;1,186;226;297;1,056;180;1,879;3,466;688;14,136;465;654;27;2,117;5,759;10,055;444;-160;209.8;2020-05-05
2020-06-30;1,199;-417;783;85;487;688;201;1,599;3,483;670;13,843;382;423;26;1,679;5,92;9,717;400;-129;209.8;2020-08-04
2020-09-30;1,124;-476;648;10;336;666;241;1,543;3,518;677;13,985;475;347;53;1,755;5,94;9,857;139;-184;209.8;2020-11-19
2020-12-31;1,932;-833;1,099;303;416;1,091;279;2,18;3,564;667;14,725;637;568;21;2,097;6,012;10,288;151;-187;212.1;2021-02-04
2021-03-31;2,581;-1,274;1,307;466;444;1,215;268;2,384;3,524;640;14,945;627;340;51;1,892;5,953;10,126;495;-117;212.1;2021-05-05
2021-06-30;1,496;-516;980;150;545;856;296;2,377;3,543;624;15,006;579;207;36;1,701;5,811;9,909;401;-156;212.1;2021-08-04
2021-09-30;1,438;-9;1,447;525;855;895;469;3,27;3,77;583;16,723;837;367;110;2,297;6,339;11,201;434;-230;212.1;2021-11-19
2021-12-31;2,673;-2,12;553;-96;334;1,556;548;3,431;3,748;565;16,8;973;579;123;2,581;6,416;11,451;-594;-186;215.8;2022-02-04
2022-03-31;3,466;-1,47;1,996;934;718;1,767;398;4,154;3,722;545;17,777;915;447;130;2,499;6,39;11,577;994;-169;215.8;2022-05-05
2022-06-30;2,033;-1,361;672;-7;670;1,253;496;3,509;3,671;523;17,111;843;276;47;2,068;6,399;11,115;448;-196;215.8;2022-08-04
2022-09-30;1,934;-1,022;912;243;405;1,15;665;3,802;3,612;500;17,575;891;368;149;2,444;6,483;11,509;-132;-253;215.8;2022-11-19
2022-12-31;2,759;-3,106;-347;-954;317;1,725;618;3,456;3,697;488;17,128;1,014;991;402;3,38;6,323;11,948;-240;-210;209.8;2023-02-04
2023-03-31;3,106;-2,148;958;110;321;1,581;433;2,76;3,709;472;16,429;757;453;62;2,273;6,702;11,224;664;-204;209.8;2023-05-05
2023-06-30;1,659;-1,104;555;-789;260;984;410;2,035;3,06;460;15,243;541;481;56;2,083;6,579;10,879;433;-256;209.8;2023-08-04
2023-09-30;1,404;-579;825;131;241;911;433;2,045;3,027;443;15,401;613;649;57;2,274;6,543;11,015;250;-304;209.8;2023-11-19
2023-12-31;2,121;-1,108;1,013;94;204;1,308;441;2,285;3,07;430;15,716;741;557;54;2,341;6,769;11,293;119;-156;215.6;2024-02-04
2024-03-31;2,467;-1,158;1,309;496;263;1,29;375;2,214;3,048;415;15,624;579;333;54;1,823;6,73;10,802;522;-169;215.2;2024-05-05
2024-06-30;1,38;-688;692;-48;183;865;379;1,716;3,03;400;15,066;462;347;286;1,886;6,288;10,385;390;-205;210.7;2024-08-04
2024-09-30;1,242;-575;667;-273;213;709;411;1,651;2,871;391;15,098;544;465;235;2,06;6,443;10,744;151;-266;215.27;2024-11-25