date;revenue;cogs;gross_profit;net_profit;cash;acc_rec;inventory;curr_assets;goodwill;intangible_assets;total_assets;acc_pay;short_term_debt;current_debt;curr_liab;long_term_debt;total_liab;cash_from_operating_activities;capex;shares;real_date
2009-03-31;2,496;-1,992;504;132;624;1,388;2,187;4,668;-;539;11,003;-;-;833;2,422;3,002;6,755;618;-350;289;2009-04-25
2009-06-30;2,488;-2,146;341;175;319;1,188;1,638;3,473;-;587;10,397;-;-;717;2,071;2,474;5,882;658;-181;289;2009-07-25
2009-09-30;2,352;-2,012;340;58;180;1,008;1,518;3,064;-;626;10,617;-;-;957;2,377;1,98;5,818;426;-199;289;2009-10-25
2009-12-31;2,425;-1,969;456;250;168;1,024;1,356;3,171;-;620;10,644;-;-;564;2,043;2,405;5,689;196;-239;289;2010-02-09
2010-03-31;2,669;-1,925;743;262;175;1,208;1,376;3,263;-;852;10,828;-;-;511;2,145;2,23;5,608;413;-194;288;2010-04-25
2010-06-30;2,52;-1,857;662;603;387;1,031;1,318;3,373;-;811;9,987;-;-;346;1,71;2,086;4,812;96;-170;288;2010-07-25
2010-09-30;2,685;-2,108;578;315;445;1,171;1,423;3,727;-;832;10,806;-;-;323;1,947;2,09;5,123;336;-126;288;2010-10-25
2010-12-31;2,961;-2,252;710;265;506;1,141;1,657;3,936;-;848;11,245;-;-;369;2,123;1,913;5,201;329;-139;288;2011-02-09
2011-03-31;3,462;-2,554;908;507;595;1,556;1,74;4,466;-;898;12,066;-;-;133;2,229;1,92;5,377;455;-146;287;2011-04-25
2011-06-30;3,427;-2,596;831;411;585;1,483;1,825;4,495;-;900;12,223;-;-;258;2,307;1,909;5,379;212;-144;287;2011-07-25
2011-09-30;3,855;-2,66;1,195;649;1,22;1,424;1,938;5,101;-;844;12,268;-;-;184;2,237;1,883;5,206;556;-118;287;2011-10-25
2011-12-31;3,6;-2,516;1,084;588;982;1,452;2,122;5,049;-;864;12,365;-;-;189;2,04;1,72;4,899;92;-163;287;2012-02-09
2012-03-31;3,682;-2,732;950;517;1,548;1,768;1,876;5,817;-;1,271;14,076;-;-;183;2,32;1,976;6,016;702;-92;282;2012-04-25
2012-06-30;3,638;-2,598;1,039;484;1,384;1,516;2,006;5,533;-;1,273;13,758;-;-;362;2,57;1,689;5,932;613;-204;282;2012-07-25
2012-09-30;3,526;-2,655;872;450;1,544;1,562;2,169;5,764;-;1,267;14,298;-;-;369;2,708;1,677;6,024;454;-157;282;2012-10-25
2012-12-31;3,692;-2,812;880;369;1,8;1,454;2,158;5,887;-;1,35;14,519;-;-;274;2,554;1,669;5,964;507;-237;282;2013-02-09
2013-03-31;3,675;-2,714;961;419;2,102;1,687;2,198;6,436;-;1,324;14,699;-;-;215;2,757;1,528;5,943;713;-178;278;2013-04-25
2013-06-30;3,982;-3,053;928;340;1,633;1,584;1,849;5,582;-;1,295;13,911;-;-;234;2,449;1,489;5,582;396;-203;278;2013-07-25
2013-09-30;3,442;-2,615;828;278;1,146;1,425;2,452;5,497;-;1,414;14,466;-;-;213;2,487;1,496;5,669;665;-247;278;2013-10-25
2013-12-31;3,397;-2,65;747;18;1,125;1,539;2,164;5,387;-;1,388;14,606;-;-;713;3,176;962;5,766;319;-368;278;2014-02-09
2014-03-31;3,573;-2,662;911;309;1,131;1,824;2,186;5,715;-;1,408;14,916;-;-;598;3,204;966;5,808;393;-243;275;2014-04-25
2014-06-30;3,887;-2,862;1,025;397;1,008;1,59;2,372;5,585;-;1,426;15,039;-;-;597;3,401;958;6,075;596;-266;275;2014-07-25
2014-09-30;3,847;-2,915;932;265;783;1,479;2,375;5,257;-;1,366;14,397;-;-;613;2,964;943;5,585;149;-300;275;2014-10-25
2014-12-31;3,77;-2,758;1,012;294;481;1,619;2,495;5,162;-;1,607;14,94;-;-;643;2,902;1,42;6,406;227;-386;275;2015-02-09
2015-03-31;3,57;-2,55;1,02;109;494;1,691;2,335;5,002;-;1,482;14,062;-;-;376;2,633;1,235;5,872;698;-260;274;2015-04-25
2015-06-30;3,578;-2,602;976;388;377;1,624;2,488;5,171;-;1,489;14,255;-;-;492;2,788;1,221;5,9;481;-244;274;2015-07-25
2015-09-30;3,301;-2,454;847;499;1,005;1,405;2,28;5,289;-;1,344;14,04;-;-;474;2,623;1,084;5,539;535;-305;274;2015-10-25
2015-12-31;2,99;-2,225;764;56;364;1,369;2,257;4,659;-;1,084;13,446;-;-;649;2,536;1,058;5,088;101;-497;274;2016-02-09
2016-03-31;2,888;-2,01;878;323;486;1,632;2,253;5,015;-;1,12;14,222;-;-;412;2,6;1,099;5,325;645;-294;273;2016-04-25
2016-06-30;2,946;-2,133;813;370;914;1,417;2,239;5,067;-;1,127;14,573;-;-;471;2,632;1,603;5,894;527;-425;273;2016-07-25
2016-09-30;2,866;-2,164;701;98;637;1,282;2,093;4,566;-;1,11;14,348;-;-;293;2,202;1,645;5,539;237;-379;273;2016-10-25
2016-12-31;2,644;-1,986;658;-40;434;1,196;2,035;4,234;-;1,063;13,952;-;-;297;2,204;1,62;5,333;268;-469;273;2017-02-09
2017-03-31;2,696;-1,984;712;197;323;1,413;2,127;4,47;-;1,077;14,452;-;-;337;2,315;1,668;5,568;115;-307;273;2017-04-25
2017-06-30;2,744;-2,07;674;80;274;1,264;2,263;4,415;-;1,091;14,713;-;-;531;2,589;1,752;5,918;312;-325;273;2017-07-25
2017-09-30;3,007;-2,32;687;89;255;1,389;2,187;4,431;-;1,124;15,201;-;-;562;2,703;1,766;6,076;325;-374;273;2017-10-25
2017-12-31;2,911;-2,173;738;115;544;1,398;2,229;4,783;-;1,106;15,783;-;-;482;2,625;2,429;6,558;40;-390;273;2018-02-09
2018-03-31;2,838;-2,107;731;114;521;1,664;2,471;5,228;-;1,165;16,672;-;-;689;3,007;2,714;7,22;235;-328;273;2018-04-25
2018-06-30;3,185;-2,489;696;-216;998;1,638;2,376;5,653;-;1,134;17,022;-;-;1,032;3,665;3,119;8,285;522;-358;273;2018-07-25
2018-09-30;3,504;-2,751;753;90;605;1,585;2,444;5,462;-;1,075;16,775;-;-;865;3,436;3,092;7,95;88;-307;273;2018-10-25
2018-12-31;3,401;-2,605;796;152;202;1,601;2,568;5,319;-;1,052;16,656;-;-;1,221;3,63;2,776;7,973;-88;-401;273;2019-02-09
2019-03-31;2,991;-2,181;810;91;301;1,868;2,588;5,677;-;1,044;17,336;-;534;906;3,907;2,747;8,529;254;-259;272;2019-04-25
2019-06-30;3,386;-2,488;898;226;320;1,905;2,646;5,802;-;1,052;17,656;-;515;755;4,131;2,75;8,777;680;-251;272;2019-07-25
2019-09-30;3,477;-2,56;917;74;208;1,735;2,394;5,022;-;1,017;16,597;-;419;734;3,511;2,698;8,107;285;-272;272;2019-10-25
2019-12-31;3,005;-2,105;900;203;300;1,564;2,36;4,785;-;1,031;16,725;-;494;496;3,317;2,698;7,895;688;-314;272;2020-02-09
2020-03-31;2,832;-1,984;848;-119;349;1,759;2,064;5,718;-;949;15,895;-;655;500;3,435;2,612;7,942;192;-206;268;2020-04-25
2020-06-30;2,862;-1,949;913;223;584;1,652;2,106;5,84;-;950;16,137;-;292;154;2,889;3,4;8,205;735;-138;268;2020-07-25
2020-09-30;2,985;-2,077;908;340;1,791;1,389;2,009;5,826;-;957;16,178;-;173;154;2,621;3,407;7,975;659;-137;268;2020-10-25
2020-12-31;2,912;-2,01;902;246;1,363;1,478;2,161;5,637;-;988;16,605;-;345;243;3,165;3,371;8,464;460;-275;268;2021-02-09
2021-03-31;3,131;-2,172;959;14;1,361;1,598;2,079;5,644;820;147;16,133;-;285;242;3,18;3,349;8,241;558;-196;256;2021-04-25
2021-06-30;3,904;-2,753;1,151;539;1,583;1,742;2,707;6,586;836;140;17,331;-;255;237;4,292;3,337;9,399;1,056;-147;256;2021-07-25
2021-09-30;4,495;-3,351;1,144;-142;488;1,772;3,263;6,546;793;137;16,222;-;90;392;4,311;3,146;9,157;-92;-204;256;2021-10-25
2021-12-31;5,087;-3,859;1,228;-27;394;2,138;4,003;7,698;789;132;17,272;-;337;580;5,544;3,089;10,169;-116;-311;256;2022-02-09
2022-03-31;5,926;-4,182;1,744;947;695;2,937;4,616;9,104;797;129;18,685;-;129;588;6,029;3,067;10,578;315;-203;254;2022-04-25
2022-06-30;6,39;-4,503;1,887;667;579;2,478;4,815;8,855;771;117;18,044;-;132;562;5,902;3,038;10,354;960;-240;254;2022-07-25
2022-09-30;6,148;-4,776;1,372;402;512;2,774;4,615;8,94;741;104;17,706;-;396;391;5,557;2,98;9,936;103;-233;254;2022-10-25
2022-12-31;5,437;-3,893;1,544;766;1,01;2,305;4,365;8,62;754;112;17,982;-;157;172;4,338;3,597;9,395;1,013;-282;254;2023-02-09
2023-03-31;4,136;-3,282;854;105;1,188;2,096;4,039;8,222;760;132;17,652;-;173;175;3,863;3,576;8,915;503;-269;254;2023-04-25
2023-06-30;3,94;-3,286;654;-298;626;1,944;3,338;6,837;757;132;16,211;-;477;159;3,963;3,55;9,032;677;-270;254;2023-07-25
2023-09-30;3,85;-3,054;796;2;868;1,71;2,794;6,319;750;129;15,665;-;141;160;3,515;3,518;8,523;1,015;-299;254;2023-10-25
2023-12-31;3,582;-2,473;1,109;246;539;1,634;3,058;6,213;760;135;16,027;-;517;123;3,714;3,284;8,457;93;-373;254;2024-02-09
2024-03-31;3,315;-2,447;868;16;328;1,883;2,841;5,981;751;134;15,66;1,818;424;140;3,52;3,238;8,238;58;-260;254.73;2024-04-22
2024-06-30;3,529;-2,525;1,004;3;872;1,72;2,802;6,325;743;137;15,948;2,001;494;136;3,699;3,486;8,675;822;-249;254.73;2024-07-15
2024-09-30;3,654;-2,766;888;286;907;1,637;3,026;6,481;748;144;16,373;1,951;498;140;3,589;3,519;8,685;311;-258;254.73;2024-10-21