date;revenue;cogs;gross_profit;sell_gen_adm_exp;r&d;other_income;financial_income;profit_before_tax;tax;net_profit;minority_interest;net_profit_minority_int;cash;acc_rec;short_invest;inventory;prep_expanses;other_curr_assets;curr_assets;ppe;long_term_invest;goodwill;intangible_assets;other_long_assets;non_current_assets;total_assets;acc_pay;short_term_debt;acc_expenses;current_debt;other_curr_liab;curr_liab;long_term_debt;other_liab;total_liab;charter_capital;addditional_cap;retained_earnings;treasury_stocks;other_eq_adjust;common_equity;minority_interest;total_equity;depr;amort;deff_tax;non_cash_item;cash_tax_paid;cash_interest_paid;cash_payment;cash_receipt;change_in_wc;cash_from_operating_activities;capex;other_investing_cf_items;cash_from_investing;financing_cf_item;total_cash_dividend_paied;issuance_of_stocks;issuance_of_debt;cash_from_financing;foreign_exchange_effect;net_change_in_cash;shares
2006-03-31;333;-;333;-;-;-314;-1;19;-4;23;52;75;136;244;0;429;-;132;941;-;123;-;898;1,135;2,156;3,097;165;269;-;167;154;754;881;-;2063;56;512;394;-;0;963;72;1,034;-;-;-;-;-;-;-;-;25;25;-;36;36;-51;-;-;-;-51;-;10;203
2006-06-30;422;-;422;-;-;-384;7;46;-6;40;89;129;889;652;10;1,268;-;165;2,985;-;122;-;1,367;2,547;4,036;7,021;496;1,169;-;250;62;1,977;1,265;-;4029;88;2,115;645;-;0;2,849;143;2,992;-;-;-;-;-;-;-;-;1;1;-;-875;-875;1,627;-;-;-;1,627;-;753;203
2006-09-30;1,09;-;1,09;-;-;-1,034;-33;23;-3;20;-39;-19;716;563;10;688;-;160;2,137;-;164;-;1,388;2,492;4,045;6,181;243;308;-;515;223;1,289;1,203;-;3261;79;2,056;678;-;0;2,813;107;2,92;-;-;-;-;-;-;-;-;551;551;-;-124;-124;-600;-;-;-;-600;-;-173;203
2006-12-31;887;-;887;-;-;-776;-5;106;-31;76;4;80;1,411;429;10;659;-;188;2,699;-;171;-;1,385;2,591;4,147;6,846;367;381;-;234;205;1,187;1,354;-;3209;89;2,799;666;-;-;3,554;83;3,637;-;-;-;-;20;99;-;-;358;358;-;-34;-34;379;-;-;-;379;-9;695;203
2007-03-31;848;-;848;-;-;-765;7;90;-39;51;312;363;1,422;484;13;977;-;257;3,152;-;1,827;-;1,385;2,504;5,716;8,868;450;379;-;682;183;1,693;2,369;-;4615;92;3,081;994;-;-;4,167;85;4,252;-;-;-;-;-;-;-;-;-404;-404;-;-1,098;-1,098;1,512;-;-;-;1,512;-;10;203
2007-06-30;886;-;886;-;-;-669;-72;145;-56;90;-4;85;1,446;684;17;1,083;-;184;3,415;-;1,759;-;1,361;2,519;5,639;9,054;441;616;-;562;233;1,85;2,363;-;4739;92;3,081;1,058;-;-;4,231;83;4,314;-;-;-;-;-;-;-;-;89;89;-;-104;-104;39;-;-;-;39;-;24;203
2007-09-30;1,015;-799;215;-66;-;-141;-21;-13;-12;-1;-1;-2;1,417;505;-;574;-;196;2,691;-;2,033;-;1,318;2,418;5,769;8,46;272;230;-;569;280;1,351;2,426;-;4281;92;3,081;908;-;0;4,082;97;4,179;-;-;-;-;-;-;-;-;558;558;-;-324;-324;-263;-;-;-;-263;-;-30;203
2007-12-31;720;-;720;-;-;-751;24;-7;-51;44;9;53;1,041;390;-;528;-;202;2,161;-;2,385;-;1,612;2,655;6,652;8,813;268;285;-;937;161;1,651;2,381;-;4584;92;3,084;965;-;0;4,141;87;4,229;-;-;-;-;-;-;-;-;33;33;-;-669;-669;264;-;-;-;264;-4;-376;203
2008-03-31;742;-452;290;-97;-;-177;-21;-5;-7;-12;0;-12;865;492;-;689;-;222;2,268;-;2,416;-;1,583;2,639;6,638;8,906;387;374;-;647;177;1,584;2,599;-;4714;92;3,084;928;-;0;4,104;88;4,191;-;-;-;-;-;-;-;-;-63;-63;-;-129;-129;15;-;-;-;15;-;-176;203
2008-06-30;860;-413;448;-95;-;-176;-135;42;-17;25;-1;24;567;491;-;836;-;158;2,052;-;2,37;-;1,573;2,556;6,499;8,551;253;441;-;424;192;1,311;2,582;-;4399;92;3,084;863;-;0;4,039;112;4,151;-;-;-;-;-;-;-;-;-63;-63;-;-58;-58;-177;-;-;-;-177;-;-298;203
2008-09-30;934;-571;362;-82;-;-143;-53;84;-36;47;-6;41;543;604;-;649;-;176;1,972;-;2,398;-;1,714;2,788;6,901;8,872;277;327;-;265;216;1,085;2,782;-;4429;92;3,084;1,13;-;0;4,306;137;4,443;-;-;-;-;-;-;-;-;336;336;-;-32;-32;-328;-;-;-;-328;-;-24;203
2008-12-31;1,552;-856;696;-199;-;-231;-103;164;-61;103;-33;70;644;1,406;-;2,555;-;446;5,05;-;581;-;5,843;4,51;10,934;15,985;722;907;-;545;620;2,793;5,433;-;10364;92;3,084;1,452;-;0;4,628;992;5,62;-;-;-;-;-;-;-;-;203;203;-;-1,229;-1,229;1,105;-;-;-;1,105;22;101;203
2009-03-31;2,483;-1,596;887;-288;-;-404;-64;130;-23;108;-23;85;669;1,277;-;2,564;-;349;4,859;-;557;-;5,869;4,261;10,687;15,546;725;1,087;-;620;539;2,972;4,867;-;9988;92;3,084;1,375;-;0;4,551;1,007;5,558;-;-;-;-;-;-;-;-;397;397;-;-46;-46;-326;-;-;-;-326;-;26;203
2009-06-30;2,901;-1,747;1,154;-275;-;-261;-27;592;-155;438;-99;338;727;1,355;-;2,821;-;375;5,279;-;548;-;5,693;4,313;10,553;15,832;748;1,178;-;620;486;3,032;4,61;-;9567;92;3,084;1,512;-;0;4,688;1,576;6,264;-;-;-;-;-;-;-;-;306;306;-;275;275;-523;-;-;-;-523;-;58;203
2009-09-30;2,74;-1,802;938;-287;-;-449;-48;154;-47;107;-35;72;1,474;1,146;-;2,652;-;333;5,605;-;511;-;5,617;4,127;10,255;15,86;810;774;-;632;473;2,689;4,409;-;9057;101;3,714;1,46;-;0;5,275;1,529;6,803;-;-;-;-;-;-;-;-;622;622;-;-30;-30;154;-;-;-;154;-;746;203
2009-12-31;3,201;-2,058;1,143;-425;-;-230;-34;454;-119;335;-107;229;1,624;1,476;-;2,697;-;354;6,151;-;533;-;5,599;4,008;10,14;16,291;881;697;-;617;677;2,873;4,509;-;9195;101;3,714;1,701;-;0;5,516;1,58;7,095;-;-;-;-;-;-;-;-;353;353;-;25;25;-213;-;-;-;-213;-16;150;203
2010-03-31;2,746;-1,745;1;-294;-;-127;9;588;-142;446;-151;294;1,745;1,275;-;3,114;-;398;6,532;-;582;-;5,646;4,031;10,259;16,79;921;680;-;542;647;2,79;4,449;-;9171;101;3,714;2,058;-;0;5,873;1,746;7,619;122;-;-;-329;55;58;-;-;37;418;-70;15;-55;-58;-;-;-186;-243;1;121;203
2010-06-30;3,166;-1,967;1,199;-284;-;-454;-35;427;-122;304;-88;217;1,527;1,573;-;3,078;-;393;6,571;-;569;-;5,751;4,137;10,457;17,028;808;985;-;856;674;3,323;4,024;-;9325;101;3,714;2,222;-;0;6,037;1,665;7,702;121;-;-;220;126;-;-;-;-607;160;-74;8;-65;-57;-392;-;118;-331;19;-218;203
2010-09-30;3,329;-2,072;1,258;-321;-;-394;-9;533;-150;383;-107;276;1,327;1,329;-;2,89;-;360;5,907;-;895;-;5,624;3,938;10,457;16,364;916;248;-;859;678;2,701;3,896;-;8564;101;3,714;2,239;-;0;6,054;1,745;7,799;123;-;-;-184;39;-;-;-;575;1,047;-143;-258;-402;-47;-1;-;-777;-826;-20;-200;203
2010-12-31;3,504;-2,035;1,469;-354;-;-415;-22;678;-45;633;-198;435;2,811;1,341;-;3,465;-;467;8,084;-;993;-;6,025;3,941;10,959;19,042;841;383;-;771;1,034;3,03;4,895;-;9931;101;3,714;2,682;-;0;6,497;2,614;9,111;132;-;-;-139;5;-;-;-;-186;485;-168;170;2;-1;3;-;997;1;-3;1,484;203
2011-03-31;2,952;-1,693;1,259;-350;-;-374;-15;521;-139;383;-154;229;2,493;1,308;-;3,762;-;514;8,078;-;1,031;-;5,97;3,852;10,854;18,931;889;585;-;1,006;1,076;3,556;3,995;-;9569;101;3,714;2,777;-;-;6,592;2,77;9,362;125;-;-;-87;72;-;-;-;-289;271;-145;-4;-149;-36;-;-;-393;-429;-11;-317;203
2011-06-30;3,648;-2,176;1,472;-363;-;-978;-41;89;-43;46;28;74;2,147;1,667;-;3,251;-;475;7,539;-;977;-;5,966;3,9;10,842;18,382;869;869;-;912;809;3,459;4,249;-;9571;101;3,714;2,495;-;0;6,31;2,5;8,81;126;-;-;636;361;-;-;-;-846;5;-205;-51;-256;-59;-526;-;486;-99;4;-346;203
2011-09-30;2,951;-1,9;1,051;-356;-;-569;-79;48;-25;23;-4;19;2,329;1,24;-;3,045;-;481;7,095;-;1,075;-;6,034;3,875;10,983;18,078;830;232;-;885;906;2,854;4,314;-;9028;101;3,714;2,742;-;-;6,557;2,492;9,049;125;-;-;213;-13;-;-;-;268;654;-174;101;-74;-45;-9;-;-351;-406;7;182;203
2011-12-31;2,61;-1,671;939;-388;-;-426;-11;114;-39;75;-27;48;2,383;1,189;-;3,285;-;402;7,259;-;1,207;-;6,083;4,026;11,315;18,574;843;525;-;902;952;3,221;4,286;-;9374;101;3,714;2,871;-;0;6,686;2,514;9,2;131;-;-;-5;70;-;-;-;-140;101;-212;-83;-295;-48;-11;-;305;245;3;54;203
2012-03-31;2,989;-1,869;1,12;-380;-;-381;-43;316;-87;228;-53;175;2,666;1,417;-;3,224;-;455;7,761;-;1,217;-;6,146;4,038;11,401;19,162;912;640;-;626;840;3,019;4,791;-;9749;101;3,714;2,927;-;0;6,742;2,672;9,413;132;-;-;-12;175;-;-;-;-111;325;-155;-153;-307;-81;-;-;354;273;-7;283;203
2012-06-30;2,593;-1,774;819;-300;-;-470;-31;18;-12;7;-6;1;2,006;1,307;-;3,159;-;454;6,926;-;1,194;-;6,203;4,199;11,597;18,522;873;633;-;648;592;2,745;4,674;-;9344;101;3,714;2,828;-;0;6,643;2,536;9,178;139;-;-;125;305;-;-;-;-201;97;-244;73;-171;-56;-358;-;-178;-592;6;-660;203
2012-09-30;2,857;-1,948;909;-359;-;-449;-23;79;-36;42;1;44;2,081;1,215;-;2,994;-;1,541;7,831;-;647;-;5,989;3,791;10,428;18,259;895;711;-;598;576;2,779;4,46;-;9136;101;3,714;2,779;-;-;6,594;2,529;9,123;110;-;-;108;-23;195;-;-;-33;248;-127;60;-68;-58;-1;-;13;-47;-2;132;203
2012-12-31;2,566;-1,883;683;-345;-;84;-19;403;-98;305;-99;206;2,169;1,154;-;3,493;-;1,618;8,433;-;416;1,567;5,215;4,388;11,586;20,019;921;-;-;1,541;592;3,055;4,62;-;9249;101;3,714;3,295;-35;0;7,074;3,046;10,12;127;-;-;-328;22;74;-;-;25;227;-193;59;-134;-75;-5;-;75;-5;-8;81;203
2013-03-31;2,755;-1,652;1,103;-328;-;-206;-26;543;-132;412;-153;258;2,204;1,171;-;3,456;-;1,735;8,565;-;669;-;5,97;3,959;10,598;19,164;873;402;-;950;674;2,9;4,316;-;10878;101;3,714;3,113;-;0;6,928;2,989;9,917;127;-;-;-192;67;64;-;-;14;491;-168;-32;-200;-64;-4;-;-190;-258;8;42;203
2013-06-30;2,749;-1,628;1,121;-293;-;-321;-53;454;-122;332;-220;112;1,753;1,233;-;3,712;-;1,738;8,436;-;881;-;5,974;4,034;10,888;19,324;927;625;-;940;709;3,201;4,28;-;11111;101;3,714;3,151;-;0;6,966;2,854;9,819;128;-;-;-76;50;64;-;-;-285;222;-199;-186;-385;-64;-401;-;158;-308;2;-469;203
2013-09-30;3,283;-1,992;1,291;-381;-;-756;-21;133;-47;86;-283;-197;1,867;1,297;-;3,515;-;2,291;8,97;-;936;-;5,97;4,132;11,038;20,007;1,075;477;-;957;925;3,434;4,962;-;10309;101;3,714;2,951;-;0;6,766;2,932;9,698;134;-;-;338;33;69;-;-;-21;584;-283;-673;-956;-69;-4;-;562;489;14;132;203
2013-12-31;3,756;-2,207;1,549;-477;-;238;24;1,335;-322;1,013;-487;526;1,443;1,745;-;4,707;-;2,417;10,313;-;809;-;6,853;4,71;12,372;22,684;1,191;660;-;638;1,026;3,515;5,259;-;10524;101;3,714;3,877;-35;0;7,657;3,808;11,464;190;-;-;-792;39;63;-;-;-537;196;-292;-13;-305;-67;-18;-;-236;-320;-1;-430;203
2014-03-31;3,642;-2,102;1,54;-371;-;-1,069;27;127;-9;118;-22;96;1,993;1,515;-;4,093;-;495;8,096;-;1,627;-;7,03;4,384;13,041;21,138;1,009;313;-;738;993;3,053;4,323;-;9687;101;3,714;3,89;-35;0;7,669;3,781;11,45;151;-;-;494;81;49;-;-;75;848;-169;1,11;941;-49;-30;-;-1,157;-1,236;-4;550;203
2014-06-30;3,606;-2,128;1,479;-353;-;-768;-37;320;-87;233;-100;133;1,618;1,563;-;3,932;-;514;7,626;-;1,634;-;7,049;4,498;13,18;20,806;985;508;-;711;831;3,035;4,267;-;9579;101;3,714;3,799;-35;0;7,578;3,649;11,227;151;-;-;258;296;53;-;-;-384;345;-231;39;-192;-53;-564;-;82;-535;7;-375;203
2014-09-30;3,391;-2,135;1,257;-425;-;-804;-14;14;-19;34;15;48;1,992;1,462;-;4,027;-;600;8,082;-;1,408;-;7,287;4,685;13,379;21,461;1,095;476;-;631;850;3,052;4,855;-;10155;101;3,714;3,899;-35;0;7,679;3,626;11,305;159;-;-;244;18;56;-;-;-327;90;-243;147;-96;-57;0;-;436;379;1;375;203
2014-12-31;3,691;-2,118;1,573;-494;-;-148;-96;835;-251;584;-311;273;2,198;1,638;-;4,722;-;692;9,25;-;1,597;1,98;5,589;5,186;14,352;23,602;1,173;622;-;741;1,06;3,596;4,811;-;11241;101;3,714;4,541;-35;-;8,321;4,039;12,36;170;-;-;-607;44;81;-;-;64;512;-352;73;-279;-81;0;-;21;-60;33;206;203
2015-03-31;3,546;-2,218;1,328;-408;-;-939;-34;-54;-27;-26;6;-21;2,152;1,56;-;4,314;-;651;8,677;-;1,74;-;7,635;5,188;14,563;23,241;1,041;579;-;676;1,006;3,302;4,864;-;10669;101;3,714;4,756;-35;0;8,535;4,036;12,571;170;-;-;362;143;58;-;-;-55;425;-189;-107;-296;-58;-;-;-132;-190;15;-46;203
2015-06-30;4,108;-2,427;1,681;-406;-;-895;-26;353;-122;231;-47;184;2,218;1,58;-;4,241;-;661;8,7;-;1,871;-;7,539;5,136;14,546;23,246;1,074;745;-;808;872;3,499;5,225;-;11113;101;3,714;4,537;-35;0;8,316;3,816;12,132;175;-;-;238;236;72;-;-;-471;295;-219;23;-196;-72;-684;-;735;-21;-11;66;203
2015-09-30;3,791;-2,379;1,412;-477;-;-604;0;331;-62;269;-94;175;2,42;1,618;-;4,559;-;680;9,278;-;1,671;-;7,976;5,344;14,99;24,268;1,259;653;-;796;949;3,657;5,351;-;11544;101;3,714;4,826;-35;0;8,606;4,118;12,724;194;-;-;-90;21;65;-;-;-23;412;-231;229;-2;-65;0;-;-154;-219;10;202;203
2015-12-31;3,795;-2,35;1,445;-506;-;2;-1;941;-132;809;-426;384;2,47;1,655;-;5,539;-;622;10,286;-;1,8;-;8,039;5,669;15,508;25,794;1,004;878;-;1,078;985;3,945;5,322;-;12229;101;3,714;5,256;-35;-;9,036;4,575;13,611;211;-;-;-689;28;60;-;-;-383;80;-486;103;-384;-120;0;-;471;351;3;50;203
2016-03-31;4,412;-2,59;1,822;-490;-;-473;48;908;-215;693;-324;369;3,753;1,879;-;5,361;-;635;11,627;-;1,827;-;8,036;5,461;15,324;26,951;1,135;450;-;1,516;811;3,913;5,015;-;11908;101;3,714;6,008;-35;0;9,788;5,256;15,043;192;-;-;-202;181;73;-;-;-108;790;-158;964;806;-73;-;-;-230;-303;-11;1,282;203
2016-06-30;4,558;-2,649;1,909;-437;-;-833;20;659;-155;504;-286;218;4,979;1,971;-;5,03;-;747;12,728;-;1,716;-;8,05;5,546;15,312;28,039;1,186;374;-;1,518;1,044;4,121;4,973;-;12034;101;3,714;4,502;-35;0;8,281;7,723;16,005;197;-;-;138;36;70;-;-;39;1,033;-273;295;22;1,982;-1,695;-;-123;164;7;1,226;203
2016-09-30;4,611;-2,774;1,837;-560;-;-879;60;458;-96;362;-196;166;3,434;1,861;-;5,646;-;766;11,707;-;1,68;-;10,813;6,824;19,317;31,024;1,474;392;-;1,565;1,311;4,742;6,228;-;14052;101;3,714;4,487;-18;0;8,284;8,688;16,972;214;-;-;14;9;79;-;-;-77;609;-300;-1,912;-2,212;-79;-;-;142;63;-4;-1,545;203
2016-12-31;5,323;-2,51;2,813;-743;-;496;93;2,658;-509;2,149;-1,257;892;3,745;2,34;-;7,879;-;735;14,699;-;1,744;-;11,671;6,887;20,302;35,001;1,5;788;-;1,351;1,918;5,557;7,065;-;16788;101;3,714;5,452;-18;-1;9,248;8,965;18,213;242;-;-;-1,592;23;92;-;-;-440;869;-411;-2,055;-2,466;949;0;-;954;1,903;6;311;203
2017-03-31;6,075;-3,149;2,926;-771;-;-1,845;106;416;-72;343;-136;207;4,432;2,192;-;6,418;-;815;13,856;-;1,899;-;11,767;6,903;20,569;34,425;1,486;161;-;978;1,877;4,501;7,367;-;15826;101;3,714;5,697;-18;0;9,493;9,105;18,598;226;-;-;944;216;98;-;-;146;1,731;-264;17;-248;-98;-4;-;-695;-796;-1;686;203
2017-06-30;5,019;-2,398;2,621;-659;-;-169;24;1,817;-419;1,398;-689;710;4,048;2,218;-;7,341;-;801;14,407;-;1,895;-;11,727;7,122;20,743;35,151;1,284;287;-;878;1,483;3,933;8,023;-;16097;101;3,714;5,891;-18;0;9,688;9,365;19,053;233;-;-;-751;352;81;-;-;-1,03;269;-470;158;-311;-81;-947;-;689;-338;-4;-384;203
2017-09-30;4,903;-2,438;2,465;-707;-;-1,447;18;329;-58;270;-99;171;4,6;2,008;-;6,694;-;763;14,064;-;1,933;-;11,635;7,258;20,827;34,892;1,199;151;-;887;1,546;3,783;7,946;-;15726;101;3,714;5,926;-18;0;9,722;9,443;19,166;230;-;-;495;13;85;-;-;154;1,207;-456;44;-413;-85;-;-;-147;-232;-9;553;203
2017-12-31;4,8;-2,504;2,296;-767;-;-1,947;57;-361;-180;-181;103;-78;5,075;2,071;-;5,877;-;720;13,743;-;2,105;-;11,611;7,85;21,566;35,309;1,457;-;-;1,852;1,926;5,235;7,332;-;16137;101;3,714;5,99;-18;-;9,787;9,385;19,172;231;-;-;892;20;84;-;-;251;1,012;-649;66;-584;-569;446;-;165;41;5;474;203
2018-03-31;5,753;-2,804;2,949;-821;-;76;113;2,316;-445;1,872;-949;922;5,75;2,28;-;6,828;-;790;15,649;-;2,248;-;11,461;8,178;21,887;37,536;1,472;428;-;1,418;2,017;5,334;7,577;-;16623;101;3,714;6,859;-18;0;10,655;10,257;20,912;229;-;-;-1,087;263;72;-;-;-432;1,026;-864;356;-508;-134;-;-;300;166;-9;675;203
2018-06-30;6,001;-2,957;3,045;-734;-;-495;15;1,831;-436;1,395;-619;776;4,846;2,472;-;7,581;-;669;15,568;-;2,034;-;11,495;8,449;21,978;37,547;1,443;295;-;1,437;1,492;4,666;7,744;-;16280;101;3,714;7,069;-18;0;10,865;10,4;21,266;235;-;-;-515;625;100;-;-;-1,239;312;-511;416;-96;-41;-1,081;-;-6;-1,129;8;-904;203
2018-09-30;5,317;-2,754;2,563;-790;-;-930;-45;798;-190;608;-305;303;4,462;2,191;-;8,034;-;780;15,466;-;2,012;-;11,471;8,684;22,167;37,633;1,487;551;-;1,347;1,531;4,916;6,972;-;15783;101;3,714;7,348;-18;0;11,144;10,705;21,849;238;-;-;-39;16;81;-;-;-303;694;-481;87;-394;-81;-;-;-604;-685;0;-385;203
2018-12-31;5,558;-2,787;2,771;-850;-;-1,707;32;247;-109;355;-59;297;4,393;2,293;-;1,897;-;6,636;15,219;-;2,237;-;11,435;9,064;22,736;37,955;1,629;441;-;941;1,999;5,01;6,965;-;15500;101;3,714;7,859;-18;-;11,656;10,798;22,454;266;-;-;451;43;82;-;-;166;1,13;-677;68;-608;-539;516;-;-583;-606;16;-69;203
2019-03-31;5,563;-2,798;2,766;-906;-;-1,197;82;745;-152;593;-233;360;4,165;2,455;-;7,496;-;868;14,984;-;2,347;-;11,477;10,604;24,428;39,413;1,476;754;-;1,03;1,533;4,793;6,885;-;16409;101;3,714;8,187;-18;0;11,984;11,019;23,003;320;-;-;100;432;59;-;-;-903;261;-438;23;-415;-78;-8;-;1;-84;10;-227;203
2019-06-30;6,079;-3,347;2,732;-777;-;-874;89;1,17;-235;935;-401;534;3,295;2,561;-;7,62;-;850;14,327;-;2,219;-;11,453;10,779;24,451;38,778;1,595;713;-;1,063;1,336;4,706;6,831;-;16304;101;3,714;7,974;-18;0;11,77;10,703;22,474;332;-;-;-290;374;79;-;-;-374;838;-303;306;3;-79;-1,408;-;-210;-1,698;-14;-870;203
2019-09-30;5,768;-3,373;2,395;-845;-;-1,575;-137;-161;-29;-133;94;-39;4,566;2,381;-;6,882;-;859;14,688;-;2,21;-;11,522;10,89;24,622;39,31;1,716;1,265;-;1,048;1,402;5,431;6,726;-;16767;101;3,714;8,105;-18;0;11,901;10,641;22,542;342;-;-;659;27;84;-;-;419;1,259;-251;56;-195;-27;-2;-;224;196;10;1,27;203
2019-12-31;5,901;-3,046;2,855;-921;-;-1,036;105;1,003;-200;803;-402;400;4,251;2,468;-;7,289;-;851;14,859;-;2,395;-;11,43;11,147;24,972;39,831;1,704;255;-;1,766;1,653;5,378;5,568;-;16499;101;3,714;8,482;-18;-1;12,278;11,053;23,331;345;-;-;-358;49;83;-;-;-177;813;-554;101;-453;-818;711;-;-564;-670;-5;-315;203
2020-03-31;5,856;-2,885;2,972;-1,022;-;-1,73;-203;17;-21;-4;-32;-37;4,259;2,579;-;6,86;-;897;14,595;-;2,5;-;11,837;11,942;26,28;40,875;1,54;1,061;-;1,083;1,617;5,302;5,994;-;16948;101;3,714;8,961;-18;0;12,758;11,169;23,927;370;-;-;734;237;101;-;-;-699;421;-635;7;-629;44;-5;-;149;188;26;7;203
2020-06-30;5,306;-2,911;2,395;-785;-;-857;-39;714;-143;571;-209;362;4,482;2,11;-;7,165;-;877;14,634;-;2,46;-;11,689;11,714;25,864;40,498;1,432;1,371;-;1,657;1,424;5,884;5,782;-;17336;101;3,714;8,525;-18;0;12,321;10,84;23,161;381;-;-;-307;48;90;-;-;162;950;-262;21;-241;-147;-979;-;652;-474;-12;223;203
2020-09-30;5,538;-3,185;2,353;-841;-;-1,04;-15;457;-93;363;-163;200;4,173;2,048;-;7,248;-;675;14,143;-;2,475;-;11,719;11,661;25,855;39,999;1,478;674;-;1,719;1,337;5,207;5,666;-;16528;101;3,714;8,667;-18;0;12,463;11,007;23,471;375;-;-;-63;192;75;-;-;98;867;-338;113;-225;-100;-;-;-848;-947;-4;-309;203
2020-12-31;5,734;-4,098;1,636;-957;-;-920;80;-161;-52;-109;76;-33;4,463;2,045;-;1,569;-;5,921;13,998;-;2,569;-;11,468;11,706;25,743;39,741;1,369;1,05;-;1,528;1,673;5,62;5,651;-;16750;101;3,714;8,312;-18;-;12,109;10,882;22,991;394;-;-;632;14;79;-;-;-159;706;-294;-15;-309;-646;476;-;77;-93;-14;290;203
2021-03-31;5,953;-3,053;2,9;-1,045;-;-748;-5;1,101;-249;852;-386;466;4,772;2,179;-;6,855;-;866;14,673;-;2,635;-;11,49;12,029;26,154;40,827;1,455;574;-;1,596;1,78;5,405;5,749;-;17047;101;3,714;8,726;-18;0;12,523;11,257;23,779;389;-;-;-401;126;80;-;-;45;1,134;-220;-38;-258;-81;-;-;-485;-566;0;309;203
2021-06-30;6,263;-3,182;3,081;-934;-;-627;-31;1,489;-331;1,159;-546;612;3,694;2,348;-;7,997;-;858;14,896;-;2,461;-;11,759;12,206;26,427;41,323;1,889;878;-;1,071;1,779;5,617;5,939;-;17594;101;3,714;8,606;-18;0;12,403;11,325;23,728;395;-;-;-643;139;74;-;-;-215;1,027;-345;-10;-355;-71;-1,309;-;-371;-1,751;1;-1,078;203
2021-09-30;7,39;-4,377;3,013;-1,028;-;-1,429;75;631;-114;517;-148;369;5,371;2,474;-;7,299;-;751;15,895;-;2,65;-;11,725;12,36;26,736;42,631;1,918;521;-;1,095;1,863;5,398;6,91;-;18398;101;3,714;8,979;-18;0;12,775;11,457;24,232;398;-;-;87;17;74;-;-;436;1,553;-354;11;-343;-54;-10;-;524;460;7;1,677;203
2021-12-31;6,966;-3,497;3,469;-1,057;-;-1,262;5;1,155;-244;910;-375;535;5,329;2,321;-;1,932;-;6,889;16,471;-;3,049;-;11,679;12,582;27,31;43,781;1,921;583;-;1,274;2,193;5,971;6,663;-;18593;101;3,714;9,575;-18;-;13,372;11,815;25,187;398;-;-;-256;165;98;-;-;-375;922;-419;-275;-694;-733;613;-;-151;-271;1;-42;203
2022-03-31;6,565;-3,038;3,526;-1,178;-;-1,095;112;1,366;-313;1,053;-538;516;4,822;2,629;-;8,844;-;1,086;17,382;-;3,146;-;11,752;12,879;27,777;45,159;1,958;676;-;1,123;2,249;6,005;6,575;-;18894;101;3,714;10,157;-18;0;13,954;12,311;26,265;442;-;-;-311;159;85;-;-;-1,201;296;-340;-51;-392;-90;-9;-;-309;-408;-3;-506;203
2022-06-30;7,852;-3,959;3,893;-1,038;-;-792;161;2,223;-471;1,752;-790;963;4,349;2,861;-;10,957;-;1,031;19,198;-;3,301;-;12,078;13,172;28,55;47,748;2,23;1,723;-;1,666;2,514;8,133;6,211;-;20950;101;3,714;10,63;-18;0;14,426;12,372;26,798;414;-;-;-1,11;291;104;-;-;-849;678;-550;140;-410;-9;-1,742;-;966;-784;43;-473;203
2022-09-30;9,094;-5,122;3,972;-1,149;-;-1,449;-6;1,367;-326;1,041;-328;714;4,282;3,061;-;10,781;-;945;19,069;-;3,372;-;12,169;13,481;29,023;48,093;2,379;694;-;1,742;2,49;7,304;6,131;-;20059;101;3,714;11,527;-18;0;15,324;12,71;28,034;437;-;-;-107;44;102;-;-;-37;1,66;-480;31;-450;-35;-2;-;-1,281;-1,318;41;-67;203
2022-12-31;7,658;-4,175;3,484;-1,154;-;-1,909;50;472;-32;439;-140;299;4,34;2,909;-;2,956;-;8,723;18,928;-;3,425;-;11,847;13,862;29,134;48,062;2,38;1,153;-;1,778;2,568;7,879;5,968;-;19899;101;3,714;11,525;-18;-1;15,321;12,841;28,162;439;-;-;196;281;149;-;-;-546;561;-463;39;-424;-1,079;844;-;197;-37;-42;57;203
2023-03-31;8,002;-3,972;4,03;-1,294;-;-1,123;-45;1,568;-344;1,224;-554;670;4,484;2,972;-;11,877;-;1,054;20,387;-;3,653;-;12,177;14,05;29,88;50,267;2,164;1,64;-;1,734;2,608;8,146;6,061;-;20460;101;3,714;12,557;-18;0;16,354;13,453;29,807;453;-;-;-411;103;136;-;-;-1,16;450;-471;-50;-520;-94;-22;-;309;193;22;144;203
2023-06-30;8,452;-4,72;3,732;-1,112;-;-1,648;-115;857;-1,996;-1,139;534;-605;5,352;3,27;-;12,042;-;1,078;21,742;-;3,513;-;12,301;14,377;30,191;51,933;2,617;1,249;-;1,414;2,276;7,556;9,051;-;24871;101;3,714;11,033;-18;-1;14,829;12,232;27,061;473;-;-;84;148;200;-;-;-488;926;-440;298;-143;-172;-1,881;-;2,138;85;0;869;203
2023-09-30;8,566;-5,164;3,402;-1,176;-;-2,486;-139;-399;-109;-508;302;-206;6,654;3,248;-;11,454;-;1,024;22,38;-;3,514;-;12,265;14,242;30,021;52,401;2,95;2,466;-;1,29;1,929;8,635;8,939;-;26029;101;3,714;10,687;-18;-1;14,483;11,888;26,371;498;-;-;822;139;250;-;-;166;1,086;-478;61;-417;-263;-2;-;894;629;4;1,302;203
2023-12-31;8754;-4883;3871;-;-;-;-;-;-;767;-;-;5475;3106;-;11865;-;2170;22616;-;3612;-;12265;-;30209;52825;2671;1462;-;1255;3214;8601;8850;-;25784;-;-;-;-;-;-;-;-;-;-;-;-;-;-;-;-;-;740;-578;-;-;-;-;-;-;-;-;-;203