date;revenue;cogs;gross_profit;sell_gen_adm_exp;r&d;other_income;financial_income;profit_before_tax;tax;net_profit;minority_interest;net_profit_minority_int;cash;acc_rec;short_invest;inventory;prep_expanses;other_curr_assets;curr_assets;ppe;long_term_invest;goodwill;intangible_assets;other_long_assets;non_current_assets;total_assets;acc_pay;short_term_debt;acc_expenses;current_debt;other_curr_liab;curr_liab;long_term_debt;other_liab;total_liab;charter_capital;addditional_cap;retained_earnings;treasury_stocks;other_eq_adjust;common_equity;minority_interest;total_equity;depr;amort;deff_tax;non_cash_item;cash_tax_paid;cash_interest_paid;cash_payment;cash_receipt;change_in_wc;cash_from_operating_activities;capex;other_investing_cf_items;cash_from_investing;financing_cf_item;total_cash_dividend_paied;issuance_of_stocks;issuance_of_debt;cash_from_financing;foreign_exchange_effect;net_change_in_cash;shares
2004-03-31;4,498;-3,838;660;-170;-38;23;-127;348;-41;307;-;307;1,107;-;-;2,376;-;2,648;6,131;-;176;-;2,996;12,122;15,294;21,425;-;-;-;1,041;2,706;3,747;8,64;1,422;13,809;-;-;-;-;7,616;7,616;-;7,616;-;-;-;-;-;-;-;-;476;476;-349;-133;-482;-271;-;-;-;-271;6;-271;245
2004-06-30;4,547;-3,927;620;-185;-47;42;-80;350;-27;323;-;323;1,161;-;-;2,21;-;1,27;4,641;-;179;-;2,968;12,16;15,307;19,948;-;-;-;102;2,234;2,336;8,361;1,393;12,09;-;-;-;-;7,858;7,858;-;7,858;-;-;-;-;-;-;-;-;434;434;-402;9;-393;16;-;-;-;16;-3;54;245
2004-09-30;4,265;-3,639;626;-202;-36;17;-90;315;-17;298;-;298;1,117;-;-;2,694;-;1,317;5,128;-;186;-;2,928;12,052;15,166;20,294;-;-;-;91;2,416;2,507;8,276;1,458;12,241;-;-;-;-;8,053;8,053;-;8,053;-;-;-;-;-;-;-;-;347;347;-358;-1;-359;-30;-;-;-;-30;-2;-44;245
2004-12-31;4,618;-3,994;624;-172;-48;32;-84;352;-60;292;-;292;874;-;-;2,679;-;1,396;4,949;-;250;-;2,915;12,062;15,227;20,176;-;-;-;514;2,39;2,904;6,623;1,531;11,058;-;-;-;-;9,118;9,118;-;9,118;-;-;-;-;51;411;-;-;295;295;-425;151;-274;-264;-;-;-;-264;-;-243;245
2005-03-31;4,458;-3,869;589;-185;-39;32;-44;353;-97;256;-;256;733;-;-;3,146;-;1,453;5,332;-;137;-;3,013;12,138;15,288;20,62;-;-;-;509;2,977;3,486;6,412;1,543;11,441;-;-;-;-;9,179;9,179;-;9,179;-;-;-;-;-;-;-;-;249;249;-223;147;-76;-314;-;-;-;-314;-1;-142;289
2005-06-30;4,686;-4,098;588;-194;-61;21;-86;268;-102;166;-;166;1,031;-;-;3,206;-;1,131;5,368;-;123;-;3,216;12,462;15,801;21,169;-;-;-;1,573;3,283;4,856;5,468;1,57;11,894;-;-;-;-;9,275;9,275;-;9,275;-;-;-;-;-;-;-;-;712;712;-326;65;-261;-152;-;-;-;-152;1;300;289
2005-09-30;4,924;-4,062;862;-160;-43;27;-76;610;-175;435;-;435;1,075;-;-;3,097;-;1,396;5,568;-;124;-;3,19;12,405;15,719;21,287;-;-;-;1,627;3,539;5,166;5,065;1,547;11,778;-;-;-;-;9,509;9,509;-;9,509;-;-;-;-;-;-;-;-;632;632;-309;41;-268;-321;-;-;-;-321;-;43;289
2005-12-31;6,373;-4,457;1,916;-258;-56;21;-42;1,581;-392;1,189;-;1,189;1,52;-;-;3,984;-;1,83;7,334;-;76;-;3,189;12,319;15,584;22,918;-;-;-;1,446;4,364;5,81;5,118;1,701;12,629;-;-;-;-;10,289;10,289;-;10,289;-;-;-;-;61;237;-;-;947;947;-477;100;-377;-125;-;-;-;-125;-;445;289
2006-03-31;7,337;-5,364;1,973;-208;-46;44;-65;1,698;-459;1,239;-;1,239;858;-;-;4,697;-;2,909;8,464;-;76;-;3,185;12,456;15,717;24,181;-;-;-;1,211;6,201;7,412;4,116;1,745;13,273;-;-;-;-;10,908;10,908;-;10,908;-;-;-;-;-;-;-;-;999;999;-441;-;-441;-1,22;-;-;-;-1,22;-;-662;289
2006-06-30;8,85;-6,179;2,671;-186;-55;48;-114;2,364;-626;1,738;-;1,738;1,176;-;-;5,192;-;3,037;9,405;-;59;-;3,15;12,128;15,337;24,742;-;-;-;1,61;7,017;8,627;2,652;1,699;12,978;-;-;-;-;11,764;11,764;-;11,764;-;-;-;-;-;-;-;-;2,383;2,383;-404;-;-404;-1,081;-579;-;-;-1,66;-1;318;289
2006-09-30;9,299;-7,05;2,249;-176;-45;91;-52;2,067;-526;1,541;-;1,541;1,433;-;-;5,119;-;3,363;9,915;-;55;-;3,13;11,975;15,16;25,075;-;-;-;737;6,346;7,083;2,419;2,149;11,651;-;-;-;-;13,424;13,424;-;13,424;-;-;-;-;-;-;-;-;1,681;1,681;-428;105;-323;-1,101;-;-;-;-1,101;-;257;289
2006-12-31;9,728;-7,239;2,489;-243;-69;52;-44;2,185;-435;1,75;-;1,75;3,196;-;-;5,351;-;3,176;11,723;-;67;-;3,077;12,062;15,206;26,929;-;-;-;228;5,524;5,752;2,302;2,786;10,84;-;-;-;-;16,089;16,089;-;16,089;-;-;-;-;328;228;-;-;2,947;2,947;-570;-1;-571;-612;-;-;-;-612;-1;1,763;289
2007-03-31;8,455;-6,928;1,527;-206;-64;56;-52;1,261;-340;921;-;921;4,288;-;-;5,844;-;2,859;12,991;-;58;-;3,154;12,252;15,464;28,455;-;-;-;200;6,158;6,358;2,33;2,83;11,518;-;-;-;-;16,937;16,937;-;16,937;-;-;-;-;-;-;-;-;1,49;1,49;-373;-;-373;-26;-;-;-;-26;1;1,092;289
2007-06-30;9,292;-6,826;2,466;-188;-80;53;-60;2,191;-589;1,602;-;1,602;1,294;-;-;5,623;-;3,436;10,353;-;59;-;3,152;12,581;15,792;26,145;-;-;-;716;5,937;6,653;3,573;2,889;13,115;-;-;-;-;13,03;13,03;-;13,03;-;-;-;-;-;-;-;-;1,139;1,139;-688;-;-688;1,767;-1,158;-4,054;-;-3,445;3;-2,994;289
2007-09-30;8,166;-6,598;1,568;-200;-70;42;-106;1,234;-334;900;-;900;594;-;-;7,307;-;3,072;10,973;-;65;-;3,171;12,786;16,022;26,995;-;-;-;1,681;7,029;8,71;3,282;2,838;14,83;-;-;-;-;12,165;12,165;-;12,165;-;-;-;-;-;-;-;-;592;592;-530;-;-530;668;-;-1,43;-;-762;-3;-700;289
2007-12-31;7,29;-6,358;932;-264;-108;36;-87;509;-146;363;-;363;878;-;-;6,904;-;2,726;10,508;-;60;-;3,197;13,466;16,723;27,231;-;-;-;1,483;5,301;6,784;4,434;3,081;14,299;-;-;-;-;12,932;12,932;-;12,932;-;-;-;-;1,426;240;-;-;509;509;-920;-7;-927;891;-;-190;-;701;1;284;289
2008-03-31;9,303;-7,789;1,514;-227;-86;36;-104;1,133;-130;1,263;-;1,263;1,049;-;-;6,399;-;2,885;10,333;-;58;-;3,169;13,661;16,888;27,221;-;-;-;1,243;5,894;7,137;3,62;2,765;13,522;-;-;-;-;13,699;13,699;-;13,699;-;-;-;-;-;-;-;-;1,815;1,815;-617;-;-617;-1,027;-;-;-;-1,027;-;171;273
2008-06-30;7,885;-7,166;719;-255;-101;51;-60;354;-95;259;-;259;982;-;-;5,624;-;2,682;9,288;-;60;-;3,188;14,676;17,924;27,212;-;-;-;1,243;5,563;6,806;4,389;2,904;14,099;-;-;-;-;13,113;13,113;-;13,113;-;-;-;-;-;-;-;-;1,607;1,607;-1,317;-;-1,317;737;-1,094;-;-;-357;-;-67;273
2008-09-30;7,513;-7,398;115;-189;-98;35;-62;-199;-64;-135;-;-135;784;-;-;4,952;-;2,379;8,115;-;65;-;3,222;15,607;18,894;27,009;-;-;-;1,584;3,931;5,515;4,031;3,27;12,816;-;-;-;-;14,193;14,193;-;14,193;-;-;-;-;-;-;-;-;1,044;1,044;-1,157;-4;-1,161;-83;-;-;-;-83;2;-198;273
2008-12-31;6,287;-6,48;-193;-242;-92;52;-91;-566;-115;-451;-;-451;1,204;-;-;4,051;-;4,407;9,662;-;67;-;3,331;17,192;20,59;30,252;-;-;-;362;3,535;3,897;6,67;3,554;14,121;-;-;-;-;16,131;16,131;-;16,131;-;-;-;-;-;-;-;-;1,004;1,004;-1,53;-8;-1,538;953;-;-;-;953;1;420;273
2009-03-31;5,879;-4,836;1,043;-235;-50;31;-121;668;-104;564;-;564;428;-;-;5,427;-;4,074;9,929;-;89;-;3,425;17,995;21,509;31,438;-;-;-;20;3,688;3,708;8,177;3,696;15,581;-;-;-;-;15,857;15,857;-;15,857;-;-;-;-;-;-;-;-;-792;-792;-1,019;-;-1,019;1,035;-;-;-;1,035;-;-776;273
2009-06-30;6,439;-5,506;933;-253;-52;28;-69;587;-155;432;-1;431;718;-;-;5,045;-;3,94;9,703;-;28;-;3,388;19,055;22,471;32,174;-;-;-;315;4,013;4,328;8,476;3,72;16,524;-;-;-;-;15,65;15,65;-;15,65;-;-;-;-;-;-;-;-;1,449;1,449;-1,546;-;-1,546;-;-274;-;1,696;387;-;290;273
2009-09-30;6,96;-5,786;1,174;-193;-51;20;-27;923;-239;684;-1;683;814;-;-;4,921;-;3,616;9,351;-;90;-;3,304;19,498;22,892;32,243;-;-;-;672;4,409;5,081;7,293;3,906;16,28;-;-;-;-;15,963;15,963;-;15,963;-;-;-;-;-;-;-;-;1,695;1,695;-1,081;-4;-1,085;1,184;-;-;-;-512;-2;96;273
2009-12-31;8,357;-6,829;1,528;-261;-65;37;-40;1,199;-378;821;1;822;825;-;-;5,245;-;3,262;9,332;-;93;-;3,359;20,475;23,927;33,259;-;-;-;1,055;5,566;6,621;6,624;3,766;17,011;-;-;-;-;16,247;16,247;10;16,257;-;-;-;-;-;-;-;-;1,622;1,622;-1,266;-6;-1,272;-339;-;-;-;-339;-;13;273
2010-03-31;8,316;-6,827;1,489;-219;-59;18;-33;1,196;-318;878;-;878;833;-;-;6,142;-;2,712;9,687;-;94;-;3,254;20,379;23,727;33,414;-;-;-;1,044;4,77;5,814;6,468;4,31;16,592;-;-;-;-;16,822;16,822;-;16,822;-;-;-;-;-;-;-;-;550;550;-598;-4;-602;-;-;-;62;62;-2;10;273
2010-06-30;8,908;-7,499;1,409;-237;-74;26;-128;996;-241;755;-1;754;835;-;-;7,238;-;2,817;10,89;-;91;-;3,291;20,512;23,894;34,784;-;-;-;1,051;5,433;6,484;6,986;4,57;18,04;-;-;-;-;16,744;16,744;-;16,744;869;-;-;407;135;-;-;-;-2,461;1,007;-806;-;-806;-;-821;-;623;-198;-1;-;273
2010-09-30;9,373;-7,798;1,575;-180;-63;17;-85;1,264;-354;910;-1;909;1,035;-;-;6,537;-;2,328;9,9;-;89;-;3,203;20,409;23,701;33,601;-;-;-;1,55;5,22;6,77;5,391;3,957;16,118;-;-;-;-;17,483;17,483;-;17,483;480;-;-;240;33;-;-;-;5,069;7,052;-566;-;-566;-;-;-;-1;-1;-3;5,483;273
2010-12-31;10,12;-7,915;2,205;-204;-90;33;-69;1,875;-462;1,413;-1;1,412;821;-;-;7,924;-;2,106;10,851;-;173;-;3,181;20,923;24,277;35,128;-;-;-;449;7,105;7,554;4,365;4,363;16,282;-;-;-;-;18,846;18,846;-;18,846;456;-;-;85;29;-;-;-;-4,83;-2,413;-1,026;5;-1,021;-1;-1;-;-2,061;-2,063;-1;-5,497;273
2011-03-31;10,158;-8,524;1,634;-215;-77;31;-72;1,301;-340;961;-;961;1,197;-;-;6,888;-;2,561;10,646;-;188;-;3,156;21,083;24,427;35,073;-;-;-;178;6,507;6,685;4,549;4,283;15,517;-;-;-;-;19,556;19,556;12;19,568;477;-;-;87;908;-;-;-;-736;1,129;-664;-17;-681;-;-2;-;-68;-70;-1;376;273
2011-06-30;9,896;-8,441;1,455;-273;-85;51;-66;1,082;-278;804;-1;803;666;-;-;7,89;-;2,687;11,243;-;193;-;3,227;21,748;25,168;36,411;-;-;-;128;6,673;6,801;6,284;4,3;17,385;-;-;-;-;19,026;19,026;-;19,026;483;-;-;-179;79;-;-;-;-1,153;233;-1,02;-4;-1,024;-;-1,365;-;1,62;255;2;-532;273
2011-09-30;10,553;-9,091;1,462;-222;-86;37;-60;1,131;-294;837;-2;835;624;-;-;7,095;-;3,544;11,263;-;195;-;3,241;22,257;25,693;36,956;-;-;-;216;6,415;6,631;5,419;4,469;16,519;-;-;-;-;20,437;20,437;-;20,437;496;-;-;-4;70;-;-;-;167;1,79;-966;-2;-968;-;-2;-;-862;-864;-;-43;273
2011-12-31;9,716;-8,348;1,368;-214;-109;59;-59;1,045;-258;787;-;787;-;-;-;7,737;-;3,539;11,276;-;182;-;3,184;22,973;26,339;37,615;-;-;-;801;6,117;6,918;4,957;4,72;16,595;-;-;-;-;21,02;21,02;12;21,032;481;-;-;178;483;-;-;-;-836;869;-1,365;14;-1,351;1;-;-;214;215;-;-267;273
2012-03-31;10,321;-8,519;1,802;-197;-108;43;-38;1,502;-385;1,117;-;1,117;780;-;-;7,262;-;2,714;10,756;-;175;-;3,186;23,321;26,682;37,438;-;-;-;1,634;5,503;7,137;3,646;5,386;16,169;-;-;-;-;21,269;21,269;-;21,269;618;-;-;-16;592;-;-;-;-213;1,891;-1;-4;-1,004;-;-;-;-463;-463;-1;424;273
2012-06-30;10,363;-9,203;1,16;-277;-119;31;-57;738;-205;533;-;533;355;-;-;7,558;-;2,613;10,526;-;178;-;3,177;23,774;27,129;37,655;-;-;-;2,276;5,619;7,895;3,544;5,408;16,847;-;-;-;-;20,808;20,808;-;20,808;704;-;-;63;255;-;-;-;-729;1,154;-873;30;-843;-;-;-;-304;-304;-;6;273
2012-09-30;9,123;-7,66;1,463;-207;-91;-6;-43;1,116;-290;826;1;827;361;-;-;8,274;-;2,269;10,904;-;157;-;3,119;23,877;27,153;38,057;-;-;-;1,907;6,107;8,014;3,498;5,222;16,734;-;-;-;-;21,323;21,323;-;21,323;638;-;-;-193;310;-;-;-;-169;1,014;-936;-2;-938;-;-1,094;-;591;-503;2;-425;273
2012-12-31;10,194;-9,178;1,016;-239;-111;9;-39;636;-228;864;-1;863;1,011;1,016;-;8,244;-;1,128;11,399;-;32;-;3,16;25,489;28,681;40,08;4,192;-;-;1,666;1,901;7,759;4,31;5,671;17,74;-;-;-;-;22,34;22,34;14;22,354;601;-;-;-64;-12;-;-;-;286;1,459;-1,366;22;-1,344;-;-;-;540;540;-4;651;273
2013-03-31;9,249;-8,226;1,023;-241;-107;20;-47;648;-140;508;-;508;846;1,24;-;8,252;-;971;11,309;-;33;-;3,079;25,456;28,568;39,877;3,889;-;-;1,58;1,61;7,079;4,354;5,486;16,919;-;-;-;-;22,958;22,958;13;22,971;682;-;-;-39;190;-;-;-;-495;796;-1,017;-1;-1,018;-;-;-;57;57;-2;-165;273
2013-06-30;8,035;-7,8;235;-199;-123;28;-57;-116;-16;-100;-1;-101;79;1,173;-;7,475;-;1,651;10,378;-;32;-;3,138;26,432;29,602;39,98;3,139;-;-;3,232;1,416;7,787;4,668;5,515;17,97;-;-;-;-;22,01;22,01;13;22,023;724;-;-;-91;354;-;-;-;-484;33;-1,509;2;-1,507;-;-1,094;-;1,801;707;3;-766;273
2013-09-30;8,472;-7,522;950;-214;-85;28;-51;628;-130;498;-1;497;223;-;-;8,17;-;2,328;10,721;-;131;-;3,098;26,703;29,932;40,653;-;-;-;3,422;5,189;8,611;4,138;5,45;18,199;-;-;-;-;22,454;22,454;-;22,454;699;-;-;63;-283;-;-;-;196;1,586;-1,15;-1;-1,151;1;-1;-;-291;-291;-1;143;273
2013-12-31;8,653;-7,933;720;-149;-90;7;-65;423;-32;391;-4;387;611;1,048;-;8,031;-;1,474;11,164;-;33;-;3,13;27,514;30,677;41,841;3,636;-;-;3,957;1,412;9,005;4,346;5,431;18,782;-;-;-;-;23,059;23,059;16;23,075;727;-;-;8;42;-;-;-;-66;1,09;-1,294;-1;-1,295;-;-;-;588;587;6;388;273
2014-03-31;8,551;-8,01;541;-200;-85;7;-52;211;-58;153;1;154;289;1,261;-;8,108;-;1,34;10,998;-;42;-;3,148;27,673;30,863;41,861;3,332;-;-;3,999;1,523;8,854;4,413;5,47;18,737;-;-;-;-;23,124;23,124;5;23,129;723;-;-;86;156;-;-;-;-577;442;-867;-7;-874;-;-;-;111;111;-;-321;273
2014-06-30;9,438;-8,607;831;-261;-113;22;-94;385;-89;296;-2;294;1,284;1,523;-;7,212;-;1,387;11,406;-;43;-;3,197;27,896;31,136;42,542;3,421;-;-;4,281;1,675;9,377;4,802;5,49;19,669;-;-;-;-;22,873;22,873;6;22,879;816;-;-;-144;34;-;-;-;760;1,818;-904;6;-898;1;-479;-;551;73;1;994;273
2014-09-30;9,287;-8,179;1,108;-182;-83;14;-72;785;-170;615;-1;614;544;1,38;-;7,384;-;1,338;10,646;-;43;-;3,211;27,787;31,041;41,687;3,424;-;-;3,036;1,662;8,122;4,578;5,533;18,233;-;-;-;-;23,454;23,454;-;23,454;851;-;-;-155;55;-;-;-;-34;1,447;-719;1;-718;-;-;-;-1,468;-1,469;-;-740;273
2014-12-31;9,615;-8,109;1,506;-237;-114;2;-67;1,09;-255;835;-;835;865;1,344;-;7,885;-;1,476;11,57;-;45;-;3,516;28,734;32,295;43,865;3,764;-;-;2,845;2,214;8,823;4,819;6,256;19,898;-;-;-;-;23,967;23,967;7;23,974;887;-;-;8;-3;-;-;-;120;2,105;-1,001;-715;-1,716;-1;-;-;-69;-70;2;321;273
2015-03-31;10,406;-8,892;1,514;-233;-96;20;-59;1,146;-251;895;-;895;683;1,629;-;8,952;-;1,182;12,446;-;46;-;3,486;28,51;32,042;44,488;3,928;-;-;3,151;2,273;9,352;4,217;6,236;19,805;-;-;-;-;24,683;24,683;-;24,683;852;-;-;-206;50;-;-;-;-1,067;725;-705;-;-705;-;-;-;-201;-201;-;-181;273
2015-06-30;10,373;-8,927;1,446;-256;-133;33;-62;1,028;-218;810;-;810;689;1,627;-;8,093;-;1,083;11,492;-;46;-;3,451;28,44;31,937;43,429;3,629;-;-;3,847;2,296;9,772;2,586;6,082;18,44;-;-;-;-;24,989;24,989;7;24,996;881;-;-;208;81;-;-;-;314;2,431;-877;2;-875;-;-615;-;-934;-1,549;-2;5;273
2015-09-30;9,764;-8,587;1,177;-200;-111;12;-49;829;-181;648;-1;647;947;1,506;-;8,427;-;1,137;12,017;-;45;-;3,441;28,504;31,99;44,007;3,94;-;-;3,129;2,543;9,612;2,67;6,112;18,394;-;-;-;-;25,613;25,613;7;25,62;866;-;-;171;69;-;-;-;-33;1,832;-879;-;-879;-1;-;-;-696;-697;1;257;273
2015-12-31;9,699;-8,948;751;-241;-156;60;-60;354;-65;289;-;289;923;1,236;-;7,748;-;1,195;11,102;-;48;-;3,366;28,506;31,92;43,022;3,142;-;-;3,182;2,551;8,875;2,484;5,862;17,221;-;-;-;-;25,801;25,801;6;25,807;923;-;-;184;72;138;-;-;-214;1,247;-1,186;-25;-1,211;-;-;-;-57;-56;-4;-24;273
2016-03-31;8,85;-7,627;1,223;-237;-114;16;-52;836;-180;656;-1;655;856;1,567;-;8,165;-;975;11,563;-;48;-;3,398;28,705;32,151;43,714;3,318;-;-;2,909;2,407;8,634;2,501;6,109;17,244;-;-;-;-;26,47;26,47;-;26,47;902;-;-;-127;153;-;-;-;-601;1,01;-799;-;-799;-;-;-;-278;-278;-;-67;273
2016-06-30;9,596;-8,306;1,29;-258;-133;14;-95;818;-197;621;-;621;972;1,923;-;8,131;-;938;11,964;-;50;-;3,441;34,972;38,463;50,427;3,708;-;-;3,106;2,946;9,76;8,28;6,212;24,252;-;-;-;-;26,175;26,175;6;26,181;1,026;-;-;-279;308;-;-;-;528;2,092;-944;-5,943;-6,887;-;-889;-;5,796;4,907;4;116;273
2016-09-30;9,733;-7,855;1,878;-226;-112;-14;-72;1,454;-318;1,136;-1;1,135;742;1,903;-;9,191;-;1,105;12,941;-;55;-;3,511;35,24;38,806;51,747;3,684;-;-;2,697;3,082;9,463;8,392;6,321;24,176;-;-;-;-;27,571;27,571;7;27,578;1,124;-;-;-265;125;-;-;-;-1,242;1,072;-976;-5;-981;-;-;-;-322;-322;1;-230;273
2016-12-31;12,137;-9,416;2,721;-276;-171;78;-85;2,267;-440;1,827;-1;1,826;1,503;2,017;-;10,077;-;1,419;15,016;-;56;-;3,508;35,297;38,861;53,877;4,239;-;-;1,907;3,5;9,646;8,187;6,658;24,491;-;-;-;-;29,386;29,386;8;29,394;1,147;-;-;-277;123;-;-;-;-316;2,821;-1,27;142;-1,128;-;-;-;-931;-931;-;762;273
2017-03-31;12,73;-10,208;2,522;-243;-139;9;-74;2,075;-406;1,669;-;1,669;930;2,652;-;9,843;-;1,173;14,598;-;59;-;3,484;35,141;38,684;53,282;3,968;-;-;1,137;3,21;8,315;7,318;6,63;22,263;-;-;-;-;31,019;31,019;-;31,019;1,095;-;-;-77;492;-;-;-;-1,102;1,991;-1,093;162;-931;-;-;-;-1,633;-1,633;-;-573;273
2017-06-30;11,554;-9,259;2,295;-245;-158;22;-71;1,843;-382;1,461;-1;1,46;1,706;2,142;-;9,159;-;1,43;14,437;-;58;-;3,471;35,503;39,032;53,469;3,622;-;-;2,004;3,469;9,095;6,563;6,683;22,341;-;-;-;-;31,128;31,128;-;31,128;1,142;-;-;294;284;-;-;-;257;3,535;-1,385;3;-1,382;-;-1,436;-;59;-1,377;1;777;273
2017-09-30;11,628;-9,461;2,167;-167;-135;-6;-69;1,79;-312;1,478;-1;1,477;1,475;2,333;-;9,021;-;1,273;14,102;-;58;-;3,453;35,46;38,971;53,073;3,695;-;-;1,308;3,617;8,62;5,286;6,648;20,554;-;-;-;-;32,519;32,519;-;32,519;1,127;-;-;-105;264;-;-;-;142;2,954;-1,243;3;-1,24;-;-;-;-1,945;-1,945;-1;-232;273
2017-12-31;13,619;-10,06;3,559;-214;-227;-28;-60;3,03;-782;2,248;-;2,248;2,51;2,324;-;9,5;-;1,502;15,836;-;59;-;3,482;36,505;40,046;55,882;4,426;-;-;1,336;4,118;9,88;4,004;6,954;20,838;-;-;-;-;35,044;35,044;9;35,053;1,237;-;-;-157;417;-;-;-;147;4,257;-1,874;-1;-1,875;-;-;-;-1,349;-1,349;1;1,034;273
2018-03-31;13,331;-10,254;3,077;-262;-156;13;-58;2,614;-603;2,011;-;2,011;5,008;2,777;-;10,499;-;1,277;19,561;-;61;-;3,605;36,857;40,523;60,084;4,973;-;-;730;3,883;9,586;5,802;6,961;22,349;-;-;-;-;37,735;37,735;-;37,735;1,275;-;-;93;620;-;-;-;-1,443;2,539;-1,109;1;-1,108;-;-;-;1,064;1,064;-;2,495;273
2018-06-30;14,071;-11,123;2,948;-308;-187;14;-66;2,401;-363;2,038;-1;2,037;1,398;2,713;-;10,34;-;1,389;15,84;-;51;-;3,656;38,236;41,943;57,783;4,85;-;-;233;4,034;9,117;4,824;7,656;21,597;-;-;-;-;36,186;36,186;-;36,186;1,233;-;-;-97;436;-;-;-;-265;3,272;-1,556;1;-1,555;-;-3,829;-;-1,499;-5,328;3;-3,608;273
2018-09-30;12,51;-10,35;2,16;-240;-164;16;-64;1,708;-422;1,286;-2;1,284;1,203;2,313;-;10,405;-;1,107;15,028;-;49;-;3,611;38,334;41,994;57,022;4,847;-;-;732;3,187;8,766;3,29;7,69;19,746;-;-;-;-;37,276;37,276;-;37,276;1,203;-;-;248;1,083;-;-;-;-880;2,279;-1,459;3;-1,456;-;-;-;-1,016;-1,016;-;-193;273
2018-12-31;12,542;-10,033;2,509;-276;-198;62;-57;2,04;-174;1,866;-;1,866;2,272;1,864;-;10,358;-;1,481;15,975;-;43;-;3,566;39,143;42,752;58,727;5,106;-;-;218;3,443;8,767;3,145;7,815;19,727;-;-;-;-;39;39;-;39;1,219;-;-;-120;147;-;-;-;539;3,678;-2,014;57;-1,957;-;-;-;-651;-651;-2;1,068;273
2019-03-31;13,047;-10,171;2,876;-291;-151;8;-51;2,391;-501;1,89;-;1,89;1,93;2,608;-;12,014;-;1,521;18,073;-;42;-;3,627;39,952;43,621;61,694;5,435;-;-;278;3,543;9,256;3,168;8,088;20,512;-;-;-;-;41,182;41,182;-;41,182;1,297;-;-;-400;501;-;-;-;-2,007;1,281;-1,605;2;-1,603;-;-;-;-23;-23;3;-342;273
2019-06-30;12,747;-10,747;2;-306;-195;42;-63;1,478;-346;1,132;-1;1,131;826;2,518;-;10,95;-;1,597;15,891;-;26;-;3,665;41,757;45,448;61,339;4,889;-;-;1,806;3,316;10,011;3,377;8,98;22,368;-;-;-;-;38,971;38,971;-;38,971;1,209;-;-;229;539;-;-;-;-13;2,903;-2,133;18;-2,115;-;-3,556;-;1,662;-1,894;-;-1,106;273
2019-09-30;11,17;-8,854;2,316;-255;-233;49;-76;1,801;-394;1,407;-1;1,406;553;2,29;-;12,866;-;1,509;17,218;-;15;-;3,682;42,565;46,262;63,48;4,719;-;-;2,209;3,413;10,341;3,401;9,155;22,897;-;-;-;-;40,583;40,583;11;40,594;1,293;-;-;-241;417;-;-;-;-1,685;1,168;-1,833;12;-1,821;1;-;-;377;378;4;-271;273
2019-12-31;12,972;-10,75;2,222;-322;-161;5;-77;1,667;-307;1,36;-;1,36;1,373;2,119;-;13,262;-;1,76;18,514;-;15;-;3,621;44,274;47,91;66,424;6,391;-;-;2,328;3,65;12,369;3,261;9,366;24,996;-;-;-;-;41,428;41,428;12;41,44;1,293;-;-;48;603;-;-;-;1,082;4,09;-3,256;-12;-3,268;-;-;-;1;1;-4;819;273
2020-03-31;13,21;-11,304;1,906;-315;-182;26;-66;1,369;-302;1,067;-;1,067;852;2,303;-;13,758;-;2,049;18,962;-;15;-;3,656;45,842;49,513;68,475;5,898;-;-;2,703;3,641;12,242;3,346;9,596;25,184;-;-;-;-;43,291;43,291;12;43,303;1,258;-;-;42;409;-;-;-;-1,693;976;-1,824;3;-1,821;-20;-;-;341;321;3;-521;273
2020-06-30;13,391;-11,11;2,281;-284;-209;14;-76;1,726;-380;1,346;-;1,346;1,984;2,272;-;12,633;-;1,813;18,702;-;14;-;3,562;44,844;48,42;67,122;4,957;-;-;1,401;3,069;9,427;6,241;9,529;25,197;-;-;-;-;41,925;41,925;12;41,937;1,422;-;-;-108;295;-;-;-;-361;2,679;-1,504;-;-1,504;-;-1,915;-;1,856;-39;-3;1,133;273
2020-09-30;13,55;-10,557;2,993;-242;-162;32;-62;2,559;-524;2,035;-1;2,034;2,627;2,675;-;13,88;-;1,876;21,058;-;15;-;3,564;44,606;48,185;69,243;6,004;-;-;152;3,404;9,56;6,255;9,404;25,219;-;-;-;-;44,024;44,024;12;44,036;1,415;-;-;-382;346;-;-;-;-441;3,151;-1,275;1;-1,274;1;-;-;-1,236;-1,235;-;642;273
2020-12-31;16,17;-12,544;3,626;-339;-195;-15;-63;3,014;-661;2,353;-;2,353;5,06;3,631;-;14,238;-;1,913;24,842;-;15;-;3,506;44,129;47,65;72,492;6,607;-;-;50;4,741;11,398;5,951;9,518;26,867;-;-;-;-;45,625;45,625;13;45,638;1,598;-;-;-2;558;-;-;-;-161;4,449;-1,696;-2;-1,698;-;-;-;-318;-318;-;2,433;273
2021-03-31;17,083;-13,881;3,202;-270;-;-152;-61;2,719;-542;2,177;-1;2,176;7,211;3,398;-;14,905;-;1,428;26,942;-;15;-;3,597;44,293;47,905;74,847;7,457;-;-;52;3,496;11,005;5,994;9,614;26,613;-;-;-;-;48,234;48,234;12;48,246;1,33;-;-;-327;359;-;-;-;-480;3,242;-1,086;10;-1,076;-;-;-;-14;-14;-;2,152;273
2021-06-30;17,891;-14,555;3,336;-299;-237;-14;-59;2,727;-536;2,191;-1;2,19;5,312;3,854;-;15,34;-;1,459;25,965;-;14;-;3,555;44,049;47,618;73,583;8,288;-;-;45;3,389;11,722;5,97;9,581;27,273;-;-;-;-;46,31;46,31;13;46,323;1,418;-;-;-163;466;-;-;-;-576;3,406;-1,394;-;-1,394;1;-3,898;-;-15;-3,912;-;-1,9;273
2021-09-30;15,906;-13,22;2,686;-259;-221;99;-61;2,244;-444;1,8;-2;1,798;6,258;3,478;-;16,203;-;1,551;27,49;-;16;-;3,56;44,375;47,951;75,441;8,068;-;-;44;3,521;11,633;5,987;9,583;27,203;-;-;-;-;48,238;48,238;15;48,253;1,38;-;-;123;404;-;-;-;-1,246;2,501;-1,538;-2;-1,54;-;-;-;-15;-16;-;945;273
2021-12-31;17,756;-14,051;3,705;-307;-288;103;-64;3,149;-614;2,535;-;2,535;8,251;2,873;-;18000;-;1,234;30,358;-;15;-;3,616;46,56;50,191;80,549;8,812;-;-;38;3,595;12,445;5,993;11,244;29,682;-;-;-;-;50,867;50,867;15;50,882;1,493;-;-;-365;634;-;-;-;-282;3,995;-1,971;-15;-1,986;1;-;-;-16;-15;-;1,994;273
2022-03-31;21,812;-16,203;5,609;-392;-211;33;-48;4,991;-1,024;3,967;1;3,968;10,769;4,238;-;19,413;-;2,711;37,131;-;14;-;3,667;47,163;50,844;87,975;9,21;-;-;1,027;4,222;14,459;6,886;11,423;32,768;-;-;-;-;55,207;55,207;-;55,207;1,381;-;-;-517;620;-;-;-;-3,644;2,211;-1,537;1;-1,536;-;-;-;1,843;1,843;-;2,518;273
2022-06-30;21,568;-17,044;4,524;-425;-267;245;-93;3,984;-828;3,156;-1;3,155;5,677;3,888;-;20,761;-;2,009;32,335;-;15;-;3,691;48,395;52,101;84,436;8,819;-;-;1,032;4,083;13,934;6,987;11,708;32,629;-;-;-;-;51,807;51,807;13;51,82;1,547;-;-;491;539;-;-;-;-1,743;4,28;-2,243;-;-2,243;-;-7,111;-;-19;-7,13;1;-5,092;273
2022-09-30;19,48;-15,569;3,911;-364;-269;273;-147;3,404;-695;2,709;-2;2,707;6,953;4,183;-;24,485;-;2,105;37,726;-;15;-;3,746;50,038;53,799;91,525;11,147;-;-;406;4,076;15,629;8,886;11,928;36,443;-;-;-;-;55,082;55,082;14;55,096;1,462;-;-;72;628;-;-;-;-2,325;2,612;-2,524;9;-2,515;-;-;-;1,178;1,178;1;1,276;273
2022-12-31;23,577;-19,474;4,103;-484;-300;-91;-6;3,222;-645;2,577;-;2,577;12,159;3,83;-;22,278;-;1,659;39,926;-;15;-;3,533;52,902;56,45;96,376;10,335;-;-;414;5,083;15,832;10,639;11,594;38,065;-;-;-;-;58,311;58,311;14;58,325;1,772;-;-;154;1,028;-;-;-;2,147;7,295;-3,724;-51;-3,775;-1;-;-;1,687;1,686;-;5,206;273
2023-03-31;19,962;-15,872;4,09;-445;-296;57;-205;3,201;-660;2,541;-;2,541;13,722;3,721;-;25,067;-;1,811;44,321;-;14;-;3,517;54,405;57,936;102,257;12,361;-;-;427;4,438;17,226;12,301;11,971;41,498;-;-;-;-;60,759;60,759;14;60,773;1,484;-;-;-518;1,036;-;-;-;-1,296;2,871;-2,918;1;-2,917;-;-;-;1,609;1,609;-;1,563;273
2023-06-30;18,442;-16,823;1,619;-436;-339;30;-234;640;-119;521;-1;520;3,589;3,2;-;25,938;-;3,347;36,074;-;16;-;3,619;57,859;61,494;97,568;11,654;-;-;2,598;4,639;18,891;11,165;12,32;42,376;-;-;-;-;55,192;55,192;15;55,207;1,645;-;-;213;367;-;-;-;-2,048;449;-4,219;-1;-4,22;-;-7,248;-;881;-6,367;4;-10,134;273
2023-09-30;19,396;-16,953;2,443;-392;-238;99;-244;1,668;-311;1,357;-1;1,356;4,219;3,711;-;24,137;-;2,89;34,957;-;16;-;3,587;59,472;63,075;98,032;10,714;-;-;3,776;3,677;18,167;11,723;12,131;42,021;-;-;-;-;56,011;56,011;15;56,026;1,484;-;-;-27;322;-;-;-;-733;2,392;-3,59;-1;-3,591;-;-;-;1,833;1,833;-2;632;273
2023-12-31;20,754;-18,17;2,585;-225;-277;329;190;2,092;-436;1,656;0;1,656;4,978;3,964;-;21,987;-;1,806;33,091;-;-;-;3,537;64,62;68,866;101,957;10,915;-;-;2,962;3,264;18,396;11,462;8,194;38,052;-;-;-;-;56,405;56,405;15;56,42;1,633;-;-;-;39;-;-;-;-3,487;6,471;-4,804;-4;-4,808;-;-;-;-902;-902;-2;761;273