date;revenue;cogs;gross_profit;sell_gen_adm_exp;r&d;other_income;financial_income;profit_before_tax;tax;net_profit;minority_interest;net_profit_minority_int;cash;acc_rec;short_invest;inventory;prep_expanses;other_curr_assets;curr_assets;ppe;long_term_invest;goodwill;intangible_assets;other_long_assets;non_current_assets;total_assets;acc_pay;short_term_debt;acc_expenses;current_debt;other_curr_liab;curr_liab;long_term_debt;other_liab;total_liab;charter_capital;addditional_cap;retained_earnings;treasury_stocks;other_eq_adjust;common_equity;minority_interest;total_equity;depr;amort;deff_tax;non_cash_item;cash_tax_paid;cash_interest_paid;cash_payment;cash_receipt;change_in_wc;cash_from_operating_activities;capex;other_investing_cf_items;cash_from_investing;financing_cf_item;total_cash_dividend_paied;issuance_of_stocks;issuance_of_debt;cash_from_financing;foreign_exchange_effect;net_change_in_cash;shares
2012-12-31;247;-162;85;-21;-6;-99;19;-9;-22;-32;0;-31;346;21;196;267;10;132;972;2,205;2;199;-;17;2,423;3,395;56;-;29;13;76;174;41;469;684;2,301;-;409;-;1;2,71;7;2,718;30;-;-6;111;19;2;-;-;-23;82;-65;-76;-141;-1;-8;-10;-2;-20;-1;-80;152
2013-03-31;243;-168;75;-6;-6;-18;-5;40;-20;20;-;20;245;141;246;278;8;84;1,002;2,138;2;192;-;17;2,348;3,349;53;-;30;7;87;177;37;432;645;2,295;-;409;-;-1;2,704;7;2,711;30;-;-;41;45;1;-;-;-58;32;-40;-48;-88;-;-19;-5;-21;-46;0;-102;152
2013-06-30;176;-172;4;-5;-6;-181;5;-182;-5;-187;1;-187;238;119;202;284;9;33;884;2,211;2;7;-;18;2,238;3,122;58;19;33;5;43;157;35;433;625;2,294;-;204;-;-1;2,497;7;2,504;32;-;-;175;23;1;-;-;-20;0;-44;45;0;-;-19;-1;14;-6;-1;-7;152
2013-09-30;214;-180;34;-4;-3;1;-3;26;-12;14;-;14;208;129;213;288;6;12;856;2,205;2;7;-;17;2,231;3,088;53;17;28;5;22;125;34;435;595;2,294;-;200;-;-1;2,493;7;2,499;42;-;-;6;8;2;-;-;-22;41;-42;-9;-51;0;-19;-;-2;-21;1;-30;152
2013-12-31;192;-173;19;-1;-3;-320;-7;-312;-19;-293;-1;-294;250;24;173;284;9;131;872;1,871;2;7;-;16;1,896;2,768;52;20;28;4;50;154;34;397;585;2,295;-;-113;-;0;2,182;7;2,189;32;-;-39;348;22;0;-;-;-1;46;-34;47;13;-1;-19;-;2;-17;0;42;152
2014-03-31;210;-178;32;-6;-3;-1;-7;15;-9;7;-;7;178;136;216;276;8;24;838;-;2;7;-;1,884;1,893;2,731;55;15;26;5;24;124;35;401;561;2,295;-;-125;-;0;2,171;6;2,177;37;-;-1;13;19;1;-;-;-20;36;-37;-48;-85;-;-19;-;-4;-23;-1;-72;152
2014-06-30;201;-191;10;-6;-2;1;0;3;-8;-6;0;-6;179;136;203;263;8;43;831;-;2;7;-;1,89;1,899;2,729;54;3;32;5;57;150;36;397;583;2,295;-;-149;-;0;2,146;6;2,152;38;-;-8;31;4;0;-;-;-6;49;-37;20;-17;-;-19;-;-12;-31;0;1;152
2014-09-30;178;-191;-12;-4;-4;0;-5;-25;-4;-20;0;-20;160;105;218;251;6;44;782;-;2;7;-;1,882;1,891;2,673;46;14;35;4;47;146;34;385;565;2,295;-;-188;-;0;2,107;6;2,113;34;-;-4;17;2;2;-;-;12;39;-28;-20;-48;0;-19;-;10;-9;0;-19;152
2014-12-31;163;-185;-21;-2;-9;-597;-6;-631;-105;-526;-1;-527;146;64;184;253;5;79;731;1,266;2;3;-;16;1,287;2,018;53;18;31;39;34;174;-;281;455;2,297;-;-733;-;0;1,563;7;1,57;38;-;-116;614;8;2;-;-;-10;1;-30;37;6;-;-19;-;-2;-21;0;-14;152
2015-03-31;178;-176;3;-6;-4;0;-7;-13;-7;-20;0;-19;110;102;183;240;8;46;687;-;2;3;-;1,29;1,294;1,982;48;23;28;39;34;172;-;285;457;2,297;-;-771;-;-1;1,525;6;1,531;41;-;2;-4;11;1;-;-;-8;12;-32;-1;-34;-;-19;-;4;-15;0;-36;152
2015-06-30;174;-175;-1;-5;-3;-2;2;-8;-1;-7;-;-7;183;107;92;237;8;42;668;-;2;3;-;1,287;1,292;1,96;58;24;31;37;25;175;-;274;449;2,297;-;-786;-;0;1,51;6;1,517;37;-;-3;1;8;2;-;-;-7;21;-30;94;64;0;-8;-;-4;-12;-;73;152
2015-09-30;159;-185;-26;-2;-3;-34;-4;-69;-2;-68;1;-67;155;102;111;216;7;28;619;-;2;3;-;1,252;1,257;1,876;59;20;34;38;25;175;-;265;440;2,297;-;-860;-;-1;1,436;5;1,441;37;-;-4;53;-8;1;-;-;15;33;-31;-17;-48;0;-8;-;-5;-13;0;-27;152
2015-12-31;163;-171;-8;-6;-2;-123;-6;-145;-8;-137;4;-133;134;60;93;204;7;55;552;1,145;2;3;-;13;1,163;1,715;54;20;29;2;27;131;36;251;418;2,298;-;-1,001;-;-1;1,297;1;1,299;37;-;-15;137;3;1;-;-;2;23;-54;19;-35;-;-8;-;-1;-9;-1;-21;152
2016-03-31;158;-142;17;-6;-1;-2;-2;6;-4;2;0;2;120;114;57;206;9;27;533;-;2;3;-;1,173;1,177;1,711;45;18;24;2;29;119;36;257;412;2,299;-;-1,001;-;-;1,299;2;1,3;29;-;1;3;7;0;-;-;-34;1;-45;35;-10;-;-2;0;-2;-4;0;-14;152
2016-06-30;192;-148;45;-7;-3;15;-2;48;-14;34;0;34;150;112;54;218;9;17;561;-;2;3;-;1,195;1,2;1,761;42;17;34;3;36;131;36;260;427;2,3;-;-969;-;2;1,333;2;1,335;30;-;-2;-9;0;0;-;-;12;66;-53;19;-33;0;-2;1;-2;-4;1;30;152
2016-09-30;234;-145;88;-5;-4;4;-4;79;-36;43;-1;43;210;120;36;229;9;14;616;-;30;3;-;1,212;1,245;1,862;38;5;45;3;49;140;36;309;485;2,302;-;-928;-;3;1,377;2;1,379;34;-;21;-4;-1;0;-;-;9;102;-48;19;-30;0;-2;1;-13;-13;-;60;152
2016-12-31;191;-142;49;-6;-3;2;1;43;-21;22;-1;22;181;129;37;237;10;19;613;-;50;3;-;1,233;1,285;1,898;45;-;45;4;42;136;36;330;502;2,304;-;-908;-;0;1,396;3;1,399;23;-;11;-1;11;2;-;-;-10;46;-57;-10;-67;0;-2;0;-6;-8;-;-29;152
2017-03-31;199;-166;33;-6;-4;-1;5;28;-8;20;-1;19;184;122;22;226;10;17;581;-;51;3;-;1,266;1,32;1,901;44;-;39;4;32;118;36;324;478;2,316;-;-893;-;1;1,423;3;1,426;29;-;-4;21;25;1;-;-;-28;39;-45;12;-33;0;-4;2;-1;-3;0;3;153
2017-06-30;201;-157;45;-5;-4;-2;4;38;-2;36;-1;36;161;124;37;231;11;20;584;-;52;3;-;1,283;1,338;1,922;42;3;46;5;25;119;36;311;467;2,316;-;-862;-;0;1,455;3;1,458;31;-;-10;5;10;1;-;-;-19;43;-49;-14;-63;0;-4;0;2;-2;0;-23;153
2017-09-30;191;-143;48;-6;-8;-4;-2;28;-11;18;-1;17;136;117;50;243;11;18;576;-;55;3;-;1,275;1,333;1,909;38;-;53;5;33;129;-;311;441;2,316;-;-848;-;0;1,468;4;1,472;28;-;-2;19;6;1;-;-;1;64;-32;-13;-45;-;-4;0;-40;-44;0;-25;153
2017-12-31;226;-183;43;-5;-4;55;0;89;-39;50;-1;49;176;110;52;219;13;26;595;-;55;3;-;1,34;1,398;1,993;47;3;58;6;41;155;-;322;477;2,318;-;-803;-;2;1,517;4;1,521;34;-;13;-24;8;0;-;-;7;79;-37;0;-37;0;-4;-;2;-3;0;40;153
2018-03-31;207;-152;55;-6;-3;6;2;55;-7;48;-1;47;167;116;58;236;13;13;602;-;55;3;-;1,335;1,394;1,996;43;-;29;7;41;120;-;317;437;2,318;-;-759;-;0;1,559;5;1,564;35;-;-12;7;32;1;-;-;-43;34;-33;0;-33;0;-5;0;-5;-10;-;-9;211
2018-06-30;217;-162;55;-6;-2;-4;9;53;-17;37;-1;36;187;94;63;237;12;20;614;-;71;3;-;1,342;1,417;2,03;43;-;32;7;46;127;-;312;439;2,319;-;-728;-;0;1,591;5;1,596;38;-;-1;4;18;0;-;-;-10;67;-43;4;-40;0;-5;1;-2;-7;0;20;211
2018-09-30;188;-192;-4;-6;-3;-2;-2;-17;-8;-9;0;-10;186;87;66;220;12;28;599;-;71;3;-;1,332;1,405;2,004;44;-;36;6;48;134;-;294;428;2,32;-;-743;-;0;1,577;5;1,582;38;-;-16;38;13;1;-;-;-9;42;-34;-2;-35;0;-5;1;-2;-7;0;-1;211
2018-12-31;173;-178;-5;-6;-4;-43;-1;-58;-6;-64;0;-64;139;96;74;215;12;14;548;-;71;3;-;1,315;1,389;1,938;52;-;45;5;15;118;-;312;429;2,322;-;-814;-;0;1,508;5;1,513;37;-;-4;59;12;0;-;-;-17;12;-42;-9;-51;-1;-5;-;-2;-9;0;-48;211
2019-03-31;254;-238;16;-9;-2;-4;10;11;-7;3;-1;3;91;182;31;296;14;431;1,044;2,237;70;3;-;62;2,371;3,416;90;-;49;13;77;230;335;450;1,014;3,117;-;-715;-;0;2,402;6;2,408;49;-;-7;-15;34;3;-;-;-74;-13;-41;-193;-234;-;-7;-;206;199;-;-48;210
2019-06-30;341;-289;51;-13;-5;-4;-2;27;-9;19;0;18;92;174;47;283;12;442;1,05;2,24;70;4;-;58;2,372;3,422;82;-;53;14;80;229;335;445;1,009;3,118;-;-704;-;0;2,413;6;2,419;58;-;-9;19;18;5;-;-;-3;84;-66;-3;-69;0;-7;0;-5;-12;0;2;210
2019-09-30;352;-288;64;-15;-2;-6;25;67;-29;38;-;38;95;169;82;329;12;33;720;2,585;70;5;-;77;2,736;3,456;76;-;77;17;42;212;315;484;1,011;3,12;-;-674;-;0;2,445;5;2,45;63;-;6;12;16;5;-;-;-36;82;-50;2;-48;-1;-7;1;-25;-31;-1;3;210
2019-12-31;404;-321;83;-18;-3;-63;48;47;-26;21;0;21;121;169;118;347;17;19;789;-;84;5;-;2,583;2,673;3,462;67;-;83;14;48;212;275;511;999;3,124;-;-660;-;0;2,463;5;2,468;84;-;-10;49;15;4;-;-;-14;129;-50;-1;-52;-;-7;1;-46;-52;0;26;210
2020-03-31;358;-308;50;-15;-2;-12;-45;-25;-53;-77;0;-77;148;136;91;326;19;19;738;2,469;81;5;-;74;2,628;3,366;63;-;71;15;42;191;260;537;987;3,127;-;-748;-;0;2,379;4;2,383;78;-;33;82;37;4;-;-;-2;114;-56;-3;-59;-;-11;3;-19;-27;-2;27;210
2020-06-30;250;-201;48;-14;-2;-58;50;24;-5;19;1;20;188;127;73;279;11;24;703;2,448;59;5;-;82;2,593;3,296;54;-;75;14;39;182;200;524;906;3,129;-;-739;-;-;2,39;4;2,394;61;-;-4;-29;13;3;-;-;15;63;-30;80;49;-;-11;1;-63;-72;0;40;210
2020-09-30;300;-176;124;-17;-2;-24;11;93;-28;65;0;66;150;122;81;359;9;31;753;2,422;59;5;-;66;2,552;3,305;61;-;90;12;53;216;96;548;859;3,13;-;-684;-;0;2,446;3;2,449;54;-;3;-5;10;2;-;-;-2;115;-39;4;-35;-;-11;0;-107;-117;-1;-38;210
2020-12-31;431;-293;137;-17;-1;-6;47;160;-10;169;0;169;167;128;112;406;14;30;857;-;72;4;-;2,501;2,577;3,434;80;-;89;13;85;267;-;564;831;3,132;-;-530;-;0;2,603;3;2,606;79;-;-55;-17;22;2;-;-;-5;171;-54;14;-40;-;-15;-;-99;-114;0;17;210
2021-03-31;368;-278;90;-15;-3;-2;-40;30;-38;-8;0;-8;134;124;73;459;16;33;838;2,362;73;4;-;86;2,525;3,363;77;-;79;12;55;224;-;559;783;3,132;-;-553;-;-;2,58;4;2,583;75;-;-;72;61;1;-;-;-110;30;-48;4;-45;0;-15;-;-3;-18;-1;-34;210
2021-06-30;382;-279;103;-17;-2;3;14;101;-30;71;0;71;157;129;83;521;12;35;937;2,345;78;4;-;90;2,518;3,455;85;3;84;12;61;245;14;560;819;3,133;-;-497;-;0;2,636;4;2,64;69;-;-;7;21;1;-;-;-59;87;-63;17;-46;0;-15;0;-3;-18;0;24;210
2021-09-30;460;-361;99;-17;-2;19;-28;71;-50;20;0;20;258;129;58;498;9;33;984;2,323;79;4;-;90;2,495;3,479;68;-;93;14;88;263;13;568;844;3,133;-;-498;-;0;2,635;4;2,639;83;-;-;56;24;1;-;-;-2;157;-62;32;-30;0;-21;-;-4;-25;-1;100;210
2021-12-31;422;-346;76;-18;-4;-1;-11;43;-28;15;-1;14;284;128;52;500;13;24;1,001;-;79;4;-;2,435;2,517;3,519;77;-;97;14;92;280;12;595;887;3,136;-;-505;-;0;2,632;4;2,636;76;-;-;61;23;2;-;-;-34;118;-70;4;-66;0;-21;0;-4;-25;-1;26;210
2022-03-31;440;-373;67;-21;-3;-3;48;88;-11;77;0;77;272;140;54;473;14;29;983;2,33;125;5;-;97;2,558;3,54;75;-;90;15;74;254;11;592;857;3,137;-;-453;-;0;2,683;5;2,688;85;-;-;-18;58;1;-;-;-75;69;-61;10;-51;-;-25;0;-4;-29;0;-12;210
2022-06-30;340;-372;-32;-21;-4;-100;-10;-167;-7;-174;0;-174;195;135;46;435;11;50;872;2,243;112;5;-;90;2,451;3,324;65;-;74;21;64;224;23;604;851;3,137;-;-653;-;-12;2,473;5;2,478;74;-;-;183;42;1;-;-;-63;21;-72;3;-68;-;-25;0;-4;-29;-1;-77;210
2022-09-30;339;-361;-22;-19;-3;-3;-23;-69;-2;-71;0;-72;153;114;34;438;8;51;798;2,216;87;6;-;93;2,402;3,2;75;-;88;25;65;253;22;567;842;3,138;-;-747;-;-33;2,358;5;2,363;78;-;-;47;20;2;-;-;1;54;-69;1;-68;-;-23;0;-3;-26;-2;-42;210
2022-12-31;375;-340;35;-13;-9;-172;6;-153;-19;-172;-1;-173;107;137;35;472;11;43;804;-;121;6;-;2,317;2,444;3,248;89;-;87;27;66;381;180;603;1,053;3,14;-;-942;-;-3;2,195;6;2,202;79;-;-;27;17;2;-;-;-47;-112;-72;4;-68;0;-21;0;158;137;-3;-46;210
2023-03-31;390;-313;77;-32;-1;-26;8;25;-9;16;0;16;411;173;102;676;27;72;1,461;7,472;-;-;-;179;7,652;9,113;203;-;122;72;112;508;1,058;2,55;4,115;5,963;-;-946;-;-19;4,997;496;5,493;73;-;-;-13;31;4;-;-;-25;51;-39;366;328;0;-21;-;-52;-74;-1;304;365
2023-06-30;640;-569;71;-44;-6;-59;-23;-62;-14;-47;1;-47;368;156;42;682;30;125;1,402;7,373;-;-;-;187;7,56;8,962;203;-;131;64;133;532;1,014;2,507;4,052;5,963;-;-1,029;-;-24;4,91;499;5,409;150;-;-;64;51;14;-;-;-50;117;-113;60;-53;4;-36;-;-64;-96;-2;-34;365
2023-09-30;616;-554;62;-39;-4;-1;-14;4;-26;-23;1;-22;348;150;39;701;30;209;1,477;5,885;-;-;-;172;6,058;7,534;191;-;131;54;140;516;705;1,464;2,686;5,963;-;-1,087;-;-27;4,848;59;4,907;140;-;-;48;36;16;-;-;-50;115;-109;302;194;7;-37;-;-307;-336;-1;-30;365
2023-12-31;670;-605;65;-;-;-;-;-;-;-68;-;-;400;138;41;712;-;-;1390;-;-;-;-;-;-;7213;-;-;-;32;-;624;697;-;2441;-;-;-;-;-;-;-;-;-;-;-;-;-;-;-;-;-;167;-169;-;-;-;-;-;-;-;-;-;365