date;revenue;cogs;gross_profit;net_profit;cash;acc_rec;inventory;curr_assets;goodwill;intangible_assets;total_assets;acc_pay;short_term_debt;current_debt;curr_liab;long_term_debt;total_liab;cash_from_operating_activities;capex;shares
2006-03-31;799;-572;226;66;37;464;398;1,048;-;-;3,02;172;-;107;553;884;2,093;130;-;48
2006-06-30;830;-596;235;67;33;504;392;1,108;-;-;3,079;194;-;104;539;443;1,681;104;-;48
2006-09-30;857;-606;251;95;55;510;387;1,109;-;-;3,11;206;-;59;505;378;1,624;259;-;48
2006-12-31;851;-604;247;83;43;476;408;1,112;-;16;3,258;206;-;88;540;322;1,688;269;-;48
2007-03-31;944;-639;305;115;158;550;429;1,306;-;-;3,458;198;-;52;557;248;1,774;324;-;49
2007-06-30;959;-652;307;131;147;572;427;1,316;-;-;3,588;214;-;55;553;236;1,91;288;-;49
2007-09-30;959;-648;310;120;394;537;427;1,527;-;16;3,852;211;-;58;583;236;2,053;395;-;49
2007-12-31;920;-691;230;57;367;461;404;1,428;-;10;3,918;242;-;54;592;164;2,068;316;-;49
2008-03-31;1,02;-701;319;131;403;541;478;1,651;-;-;4,227;277;-;99;770;151;2,333;319;-;49
2008-06-30;1,123;-776;347;153;324;566;475;1,567;-;-;4,225;286;-;69;737;153;2,334;257;-;49
2008-09-30;1,157;-792;365;171;496;584;508;1,745;-;20;4,605;309;-;137;898;170;2,54;299;-;49
2008-12-31;999;-842;157;-16;305;467;505;1,464;-;25;4,625;297;-;114;839;159;2,557;130;-;49
2009-03-31;873;-656;217;5;385;432;496;1,472;-;24;4,705;261;-;123;831;161;2,611;241;-;49
2009-06-30;926;-703;222;-75;343;494;452;1,448;-;22;4,584;252;-;141;825;283;2,649;133;-;49
2009-09-30;987;-725;262;36;468;506;440;1,562;-;21;4,734;224;-;163;935;355;2,771;282;-;49
2009-12-31;935;-792;143;-41;364;467;441;1,422;-;22;4,542;218;-;76;732;364;2,616;111;-;49
2010-03-31;1,067;-778;289;106;428;572;458;1,648;-;21;4,797;231;-;91;805;412;2,741;160;-;49
2010-06-30;1,202;-848;354;135;441;650;492;1,728;-;21;4,963;259;-;146;922;353;2,814;180;-;49
2010-09-30;1,27;-867;403;156;581;628;513;1,949;-;29;5,233;283;-;156;987;314;2,91;441;-;49
2010-12-31;1,21;-910;300;100;545;596;531;1,954;-;33;5,501;335;-;126;993;407;3,079;322;-;49
2011-03-31;1,292;-893;399;168;751;645;584;2,351;-;30;5,933;328;-;85;1,029;457;3,338;450;-;49
2011-06-30;1,326;-964;362;143;562;682;608;2,302;-;29;5,843;315;-;91;948;457;3,266;138;-;49
2011-09-30;1,281;-980;301;125;612;690;659;2,369;-;29;6,126;380;-;151;1,127;442;3,45;297;-;49
2011-12-31;1,012;-911;101;-79;474;566;714;2,241;-;30;6,274;403;-;116;1,121;662;3,898;-18;-;49
2012-03-31;1,194;-978;217;42;726;685;686;2,558;-;29;6,597;376;-;146;1,199;951;3,953;166;-;49
2012-06-30;1,223;-981;242;61;502;681;741;2,332;-;28;6,605;380;-;248;1,244;866;4,415;42;-;49
2012-09-30;1,201;-991;210;29;469;672;757;2,287;-;27;6,748;402;-;266;1,262;911;4,694;158;-;49
2012-12-31;1,017;-866;151;-17;193;600;712;1,957;-;26;6,493;380;-;239;1,161;959;4,39;-4;-;49
2013-03-31;1,076;-952;124;5;153;661;673;1,886;-;24;6,434;343;-;252;1,157;942;4,265;78;-;49
2013-06-30;1,15;-969;181;15;484;710;667;2,145;-;22;6,633;350;-;183;1,105;1,285;4,456;116;-;49
2013-09-30;1,165;-998;168;5;573;682;639;2,158;-;20;6,59;352;-;203;1,162;1,273;4,44;237;-;49
2013-12-31;1,087;-897;190;-19;432;614;617;1,945;-;20;6,332;309;-;169;1,059;1,247;4,154;33;-;49
2014-03-31;1,157;-993;164;64;359;699;674;2,019;-;38;6,589;330;-;290;1,326;1,158;4,462;149;-;49
2014-06-30;1,242;-1,008;234;29;348;742;690;2,076;-;33;6,616;318;-;318;1,227;1,14;4,575;110;-;49
2014-09-30;1,232;-996;237;119;448;750;744;2,303;-;31;7,046;365;-;293;1,295;1,3;4,957;194;-;49
2014-12-31;1,195;-986;209;-17;326;684;734;2,093;-;33;6,947;375;-;263;1,165;1,318;5,025;33;-;49
2015-03-31;1,335;-1,043;292;71;251;827;795;2,15;-;34;7,431;433;-;226;1,288;1,357;5,641;163;-;49
2015-06-30;1,371;-1,073;298;108;411;791;783;2,249;-;34;7,426;432;-;254;1,185;1,336;4,964;140;-;49
2015-09-30;1,358;-1,059;299;58;259;787;783;2,128;-;33;7,322;390;-;141;1,09;1,306;4,796;189;-;49
2015-12-31;1,233;-992;241;5;311;679;785;1,97;-;32;7,264;378;-;13;1,158;1,137;4,696;126;-;49
2016-03-31;1,133;-946;187;27;433;764;785;2,18;-;38;7,442;316;-;550;1,315;1,119;5,147;136;-;49
2016-06-30;1,199;-977;223;58;328;793;792;2,149;-;37;7,497;308;-;587;1,31;1,126;5,512;172;-;49
2016-09-30;1,151;-911;240;63;412;756;863;2,334;-;35;7,607;341;-;682;1,454;997;5,677;297;-;49
2016-12-31;1,151;-977;174;30;284;776;846;2,183;-;50;7,462;370;-;651;1,476;793;5,082;132;-;49
2017-03-31;1,219;-1,005;214;31;436;756;737;2,29;-;43;7,369;299;-;493;1,148;960;4,2;140;-;49
2017-06-30;1,218;-981;238;61;238;708;799;2,282;-;39;7,096;320;-;577;1,193;807;4,006;149;-;49
2017-09-30;1,312;-1,033;279;104;398;724;757;2,365;-;36;7,052;283;-;468;1,129;810;3,895;259;-;49
2017-12-31;1,176;-952;224;54;287;656;784;2,123;-;42;6,836;269;-;138;852;801;3,717;109;-;49
2018-03-31;1,218;-975;243;79;297;727;876;2,437;-;39;7,108;327;-;217;996;875;4;207;-;49
2018-06-30;1,33;-1,078;252;83;190;771;911;2,16;-;47;6,948;336;-;112;825;941;3,934;25;-;49
2018-09-30;1,243;-1,015;227;69;164;748;992;2,216;-;44;6,998;354;-;151;870;889;3,91;103;-;49
2018-12-31;1,189;-1,036;153;29;341;682;1,011;2,255;-;38;7,119;471;-;96;878;895;4,032;175;-409;49
2019-03-31;1,236;-1,086;149;-6;404;763;1,033;2,365;-;36;7,449;342;-;157;858;1,181;4,477;0;-136;49
2019-06-30;1,269;-1,079;189;37;283;772;1,035;2,266;-;34;7,295;340;-;259;893;1,056;4,687;126;-104;49
2019-09-30;1,268;-985;283;86;403;740;1,009;2,425;-;32;7,544;356;-;240;905;1,056;4,997;274;-98;49
2019-12-31;1,156;-974;182;-748;436;632;980;2,348;-;29;6,491;355;-;86;752;1,049;4,524;206;-77;49
2020-03-31;1198;-976;222;69;640;747;1062;2756;-;28;6742;383;-;421;1024;1053;4316;83;-60;49
2020-06-30;1072;-938;134;5;612;651;1,006;2,72;-;25;6,742;302;-;104;634;1,35;4756;183;-47;49
2020-09-30;1183;-963;220;68;546;645;911;2850;-;22;6822;332;-;98;689;1336;5051;337;-41;49
2020-12-31;1239;-946;293;61;626;627;880;3026;-;21;6,951;424;-;98;826;1,323;5,325;271;-78;49
2021-03-31;1360;-1060;300;118;846;752;870;3318;-;49;7211;471;-;415;1263;1031;4974;216;-58;49
2021-06-30;1357;-1057;300;173;1,072;828;953;3547;-;45;7386;590;-;399;1369;1,023;5,093;275;-66;49
2021-09-30;1802;-1242;560;264;1065;831;974;3616;-;45;7867;604;-;404;1501;1062;5155;500;-76;49
2021-12-31;1689;-1176;513;273;927;825;1177;3848;-;46;8134;762;-;403;1712;1064;5034;74;-122;49
2022-03-31;2076;-1408;668;402;773;1115;1336;4294;-;45;8492;823;-;253;1694;938;4579;293;-112;49
2022-06-30;2174;-1528;646;391;858;1201;1549;4520;-;173;8,833;891;-;464;1,938;1,095;4242;163;-101;49
2022-09-30;2132;-1644;488;259;773;1101;1668;4934;-;229;9469;971;-;474;2084;1105;4500;456;-164;49
2022-12-31;1826;-1467;359;229;895;916;1,656;4,66;-;213;9,401;886;-;461;1,927;1,086;4371;213;-185;49
2023-03-31;1744;-1412;332;147;1324;988;1645;4898;-;207;9594;838;-;452;1931;1180;4476;190;-141;49
2023-06-30;1753;-1430;323;119;812;924;1,527;3,909;-;307;8,712;774;-;437;1,657;1,089;4,262;162;-130;49
2023-09-30;1523;-1325;198;34;935;879;1455;3977;-;308;8812;754;-;443;1692;1095;4071;275;-147;49