date;revenue;cogs;gross_profit;net_profit;cash;acc_rec;inventory;curr_assets;goodwill;intangible_assets;total_assets;acc_pay;short_term_debt;current_debt;curr_liab;long_term_debt;total_liab;cash_from_operating_activities;capex;shares;real_date
2006-03-31;1335;-882;453;29;282;883;40;1,607;108;-;1,998;-;-;196;1,341;189;1,539;57;-;13.77;2006-05-10
2006-06-30;1314;-858;456;34;158;926;68;1,608;153;-;2,043;-;-;151;1,367;198;1,591;95;-;13.77;2006-08-24
2006-09-30;1204;-774;430;34;198;1,011;70;1,663;259;-;2,104;-;-;103;1,375;204;1,614;113;-;13.77;2006-11-09
2006-12-31;1504;-1,092;412;37;150;1,111;39;1,634;194;-;2,155;-;-;214;267;166;1,621;-41;-;13.77;2007-02-09
2007-03-31;1347;-800;547;34;78;1,084;29;1,518;191;-;2,033;-;-;69;1,284;176;1,502;57;-;13.77;2007-05-10
2007-06-30;1299;-850;449;40;208;837;26;1,486;193;-;2,007;-;-;126;1,252;179;1,487;75;-;13.77;2007-08-24
2007-09-30;1335;-828;507;46;172;968;27;1,735;190;-;2,261;-;-;184;1,458;178;1,712;-69;-;13.77;2007-11-09
2007-12-31;1558;-920;638;56;136;1,255;65;1,972;244;-;2,553;-;-;159;1,765;130;1,983;315;-;13.77;2008-02-09
2008-03-31;1317;-1246;71;35;107;1,154;42;1,847;241;-;2,427;-;-;156;1554;156;1821;-35;-;69.35;2008-05-10
2008-06-30;1529;-1451;78;45;75;1,265;91;1,971;-;258;2,617;-;-;216;1761;144;2,03;64;-;69.35;2008-08-24
2008-09-30;1508;-1404;104;49;97;1,407;92;1,984;-;432;2,859;-;-;278;1959;101;2,211;240;-;69.35;2008-11-09
2008-12-31;1562;-1398;164;90;130;1,549;99;2,168;-;475;3,194;-;-;352;2133;110;2,453;133;-;69.35;2009-02-09
2009-03-31;1258;-1187;71;35;93;1,345;87;1,917;-;464;3,026;-;-;214;1944;97;2265;238;-;70.50;2009-05-10
2009-06-30;1385;-1286;99;53;79;1,317;109;1,857;-;471;3,052;-;-;296;1979;77;2,306;104;-;70.50;2009-08-24
2009-09-30;1278;-1167;111;94;126;1,363;65;1,831;-;459;3,145;-;-;173;1934;92;2,313;234;-;70.50;2009-11-09
2009-12-31;1479;-1343;136;87;223;1,187;76;1,764;-;458;3,061;-;-;63;1834;32;2,146;366;-;70.50;2010-02-09
2010-03-31;1423;-1314;109;65;251;1,114;83;1,71;-;457;3,024;-;-;54;1720;21;2,042;84;-;71.12;2010-05-10
2010-06-30;1456;-1351;105;58;228;1,175;67;1,742;-;456;3,064;-;-;52;1781;18;2,117;82;-;71.12;2010-08-24
2010-09-30;1399;-1297;102;60;227;1,098;72;1,625;-;457;2,997;-;-;42;1673;17;1,984;44;-;71.12;2010-11-09
2010-12-31;1550;-770;780;94;622;1,103;93;2,034;-;467;3,013;-;-;23;1683;49;2,046;50;-;71.12;2011-02-09
2011-03-31;1467;-1388;79;43;790;1,242;88;2,334;-;466;3,304;-;-;16;1804;37;2,157;67;-;80.81;2011-05-10
2011-06-30;1701;-1603;98;61;637;1,306;81;2,253;-;462;3,212;-;-;18;1986;17;2,325;203;-;80.81;2011-08-24
2011-09-30;1718;-1107;611;47;591;1,477;113;2,449;-;460;3,409;-;-;43;2148;13;2,478;-62;-;80.81;2011-11-09
2011-12-31;2,471;-1,602;869;153;458;1,781;118;2,701;-;1,3;4,591;-;-;39;2690;90;3,325;413;-;80.81;2012-02-09
2012-03-31;2,313;-1,435;878;54;269;1,892;122;2,579;-;1,298;4,477;-;-;41;2545;97;3,171;-124;-;81.38;2012-05-10
2012-06-30;2,503;-1,692;811;86;135;2,086;137;2,523;-;1,298;4,4;-;-;84;2758;89;3,312;54;-;81.38;2012-08-24
2012-09-30;2,306;-1,516;790;4;134;2,349;157;2,809;-;1,313;4,677;-;-;64;3033;87;3,692;38;-;81.38;2012-11-09
2012-12-31;2,709;-1,692;1,017;83;322;2,352;134;2,982;-;1,31;4,919;-;-;73;3128;68;3,717;225;-;81.38;2013-02-09
2013-03-31;2,376;-1,446;930;72;133;2,701;138;3,13;-;1,312;5,133;-;-;60;3250;67;3,947;-120;-;82.33;2013-05-10
2013-06-30;2,709;-1,74;969;94;141;2,316;138;2,736;-;1,311;4,731;-;-;100;3112;44;3,734;387;-;82.33;2013-08-24
2013-09-30;2,534;-1,442;1,092;113;244;2,37;150;2,941;-;1,342;4,991;-;-;40;3304;43;3,975;219;-;82.33;2013-11-09
2013-12-31;2,508;-1,374;1,134;175;695;2,093;132;3,105;-;1,347;5,237;-;-;50;3419;29;3,902;529;-;82.33;2014-02-09
2014-03-31;2,295;-1,321;974;68;968;2,036;154;3,304;-;1,344;5,402;-;-;144;3275;29;3,861;-130;-;88.72;2014-05-10
2014-06-30;2,567;-1,647;920;118;555;2,325;171;3,189;-;1,342;5,291;-;-;259;3623;11;4,196;23;-;88.72;2014-08-24
2014-09-30;2,343;-1,367;976;135;95;2,21;155;2,601;-;1,35;5,388;-;-;225;3589;25;4,2;211;-;88.72;2014-11-09
2014-12-31;2,73;-1,631;1,099;163;91;2,129;124;2,522;-;1,358;5,428;-;-;252;3525;63;4,066;-18;-;88.72;2015-02-09
2015-03-31;2,534;-1,579;955;106;377;2,142;163;2,931;-;2,015;6,629;-;-;60;4042;152;4,947;493;-;92.68;2015-05-10
2015-06-30;3,49;-2,29;1,2;183;118;2,43;147;2,913;-;2,081;6,745;-;-;149;4413;85;5,294;223;-;92.68;2015-08-24
2015-09-30;2,865;-1,864;1,001;163;220;2,106;144;2,676;-;2,072;6,508;-;-;41;4175;76;5,066;305;-;92.68;2015-11-09
2015-12-31;3,509;-1,864;1,332;325;459;1,599;152;2,348;-;2,077;6,243;-;-;22;3710;83;4,682;397;-;92.68;2016-02-09
2016-03-31;2,707;-1,558;1,149;137;536;1,726;134;2,567;-;2,081;6,461;-;-;41;3826;89;4,755;152;-;93.61;2016-05-10
2016-06-30;3,17;-2,017;1,153;186;211;2,037;140;2,506;-;2,078;6,401;-;-;59;4083;100;5,022;190;-;93.61;2016-08-24
2016-09-30;3,108;-1,834;1,274;183;359;2,171;142;2,768;-;2,031;6,577;-;-;35;4037;101;4,987;174;-;93.61;2016-11-09
2016-12-31;2,892;-1,537;1,355;281;469;2,061;139;2,76;-;2,032;6,549;-;-;30;4046;83;4,869;306;-;93.61;2017-02-09
2017-03-31;2,662;-1,473;1,189;103;907;1,966;146;3,134;-;2,166;7,14;-;-;13;4298;109;5,093;415;-;97.96;2017-05-10
2017-06-30;3,347;-2,193;1,154;200;512;2,056;160;2,931;-;2,175;7,034;-;-;15;4426;104;5,273;204;-;97.96;2017-08-24
2017-09-30;3,399;-2,04;1,359;176;883;2,382;156;3,626;-;2,18;7,765;-;-;15;5119;111;6,041;410;-;97.96;2017-11-09
2017-12-31;4,296;-2,805;1,491;273;1,098;2,216;159;3,679;-;2,188;7,724;-;-;19;5003;102;6,03;325;-;97.96;2018-02-09
2018-03-31;3,883;-2,544;1,339;152;879;2,479;215;3,76;-;2,17;7,854;-;-;14;5099;99;6,038;126;-;99.01;2018-05-10
2018-06-30;4,692;-3,274;1,418;191;368;2,787;223;3,411;-;2,162;7,565;-;-;12;5151;92;6,099;33;-;99.01;2018-08-24
2018-09-30;4,536;-3,129;1,407;255;493;3,03;202;3,758;-;2,164;7,941;-;-;18;6590;89;6,253;102;-;99.01;2018-11-09
2018-12-31;5,656;-3,667;1,989;323;656;3,238;184;4,149;-;2,288;8,486;-;-;8;5659;91;6,74;580;-;99.01;2019-02-09
2019-03-31;5,214;-3,551;1,663;174;405;3,89;202;4,633;-;2,614;10,374;-;-;260;6658;748;8,41;257;-;103.07;2019-05-10
2019-06-30;5,863;-4,079;1,784;290;370;3,967;236;4,762;-;2,606;10,559;-;-;742;7252;828;9,064;285;-;103.07;2019-08-24
2019-09-30;5,069;-3,351;1,718;276;186;3,779;222;4,373;-;2,612;10,254;-;-;433;5281;817;8,423;182;-;103.07;2019-11-09
2019-12-31;6,466;-4,102;2,364;287;563;4,127;190;5,136;-;4,306;12,854;-;-;314;8432;166;10,664;784;-;103.07;2020-02-09
2020-03-31;6,607;-4,529;2,078;160;764;3,913;203;5,161;-;4,366;13,037;-;-;371;8447;155;10,752;499;-;106.0;2020-05-10
2020-06-30;6,568;-4,671;1,897;201;561;3,805;226;4,841;-;4,365;12,674;-;-;310;8282;153;10,531;202;-;106.0;2020-08-24
2020-09-30;6,366;-4,387;1,979;301;893;4,18;223;5,57;-;4,371;13,429;-;-;316;8862;161;11,05;573;-;106.0;2020-11-09
2020-12-31;7,485;-5,166;2,319;495;708;3,968;225;5,101;-;4,367;12,862;-;-;338;7942;155;10,269;-85;-;106.0;2021-02-09
2021-03-31;6,209;-4,15;2,059;193;630;4,137;218;5,243;-;4,333;12,932;-;-;316;7977;162;10,2;205;-;106.8;2021-05-10
2021-06-30;7,189;-5,206;1,983;279;205;4,073;218;4,761;-;4,362;12,547;-;-;326;8052;144;10,254;529;-;106.8;2021-08-24
2021-09-30;6,358;-4,331;2,027;270;593;4,441;204;5,491;-;4,357;13,137;-;-;342;8389;141;10,612;380;-;106.8;2021-11-09
2021-12-31;8,112;-5,386;2,726;486;680;4,623;198;5,618;-;4,335;13,108;-;-;355;8193;90;10,454;301;-;106.8;2022-02-09
2022-03-31;6,809;-4,753;2,056;179;974;4,657;222;5,967;-;4,456;13,574;-;-;276;8554;90;10,871;607;-;107.7;2022-05-10
2022-06-30;8,292;-6,05;2,242;337;1,086;5,111;278;6,591;-;4,479;14,085;-;-;545;9522;87;11,77;619;-;107.7;2022-08-24
2022-09-30;7,537;-5,293;2,244;207;1,036;5,583;274;6,99;-;4,561;14,695;-;-;366;9847;75;12,267;272;-;107.7;2022-11-09
2022-12-31;8,567;-5,804;2,763;429;765;5,557;301;6,827;-;4,461;14,457;-;-;723;9713;75;11,881;-38;-;107.7;2023-02-09
2023-03-31;7,393;-5,142;2,251;10;677;6,125;304;7,32;4,527;6;15,18;-;-;887;10399;77;12,572;-24;-;108.53;2023-05-10
2023-06-30;7,853;-5,627;2,226;227;494;5,642;372;6,754;-;4,537;14,872;-;-;1,709;10662;65;12,803;227;-;108.53;2023-08-24
2023-09-30;6,907;-4,687;2,22;78;526;5,625;369;6,767;-;4,522;15,009;-;-;1,5;10698;79;12,89;494;-;108.53;2023-11-09
2023-12-31;8,378;-5,448;2,93;200;347;3,518;439;6,241;4,531;8;14,647;-;-;578;10106;93;12,324;855;-;108.53;2024-02-09
2024-03-31;7,187;-4,822;2,365;143;348;3,998;528;6,494;4,533;7;15,038;-;-;873;10,36;97;11,749;128;-;108.53;2024-05-13