date;revenue;cogs;gross_profit;net_profit;cash;acc_rec;inventory;curr_assets;goodwill;intangible_assets;total_assets;acc_pay;short_term_debt;current_debt;curr_liab;long_term_debt;total_liab;cash_from_operating_activities;capex;shares;real_date
2008-03-31;-;-2;-2;-8;140;5;-;197;-;9;263;8;2;-;10;92;101;68;4;64.95;2008-04-25
2008-06-30;18;-5;13;-1;118;5;-;203;-;6;267;17;3;-;20;95;115;-26;2;64.95;2008-07-25
2008-09-30;19;-7;12;1;83;0;-;178;-;6;234;23;4;-;27;66;96;-22;-1;64.95;2008-10-25
2008-12-31;53;-7;47;35;211;84;2;359;124;218;751;14;-;-;61;-;220;105;-111;64.95;2009-02-09
2009-03-31;8;-7;1;1;275;5;2;351;128;257;821;18;-;-;83;-;271;49;78;66.06;2009-04-25
2009-06-30;10;-7;3;-12;210;15;2;289;134;282;855;18;-;-;83;-;291;-23;-50;66.06;2009-07-25
2009-09-30;11;-6;5;-12;166;6;3;248;150;347;979;13;-;-;117;-;364;-60;-1;66.06;2009-10-25
2009-12-31;13;-5;8;-67;272;5;3;707;120;382;1,331;45;188;-;350;71;667;155;-155;66.06;2010-02-09
2010-03-31;17;-7;10;-30;151;6;2;576;117;408;1,316;27;226;-;367;68;697;-201;130;66.06;2010-04-25
2010-06-30;14;-6;8;-17;68;10;3;478;103;452;1,349;53;280;-;423;63;799;-7;-143;66.06;2010-07-25
2010-09-30;13;-7;6;-13;188;4;3;619;114;537;1,668;20;503;-;637;71;1,073;-31;-45;66.06;2010-10-25
2010-12-31;17;-8;9;-56;136;10;2;632;102;500;1,326;38;191;72;429;-;783;331;-78;66.06;2011-02-09
2011-03-31;18;-9;9;-44;151;6;8;679;103;515;1,473;10;301;56;478;106;948;-328;284;115.06;2011-04-25
2011-06-30;18;-11;6;-8;142;32;7;689;103;572;1,606;18;403;59;570;109;1,073;-45;-63;115.06;2011-07-25
2011-09-30;15;-9;6;-7;141;9;6;633;94;598;1,63;14;371;54;551;100;1,066;29;-106;115.06;2011-10-25
2011-12-31;27;-9;18;-6;139;24;6;498;88;551;1,291;46;64;-;180;98;676;349;-66;115.06;2012-02-09
2012-03-31;17;-9;7;-18;155;27;5;514;92;531;1,456;49;158;-;326;103;828;-242;228;128.65;2012-04-25
2012-06-30;12;-8;4;-37;186;29;5;515;75;448;1,517;42;267;-;478;135;953;50;-165;128.65;2012-07-25
2012-09-30;8;-8;0;-100;127;13;7;513;68;467;1,438;89;314;-;595;241;955;-26;-237;128.65;2012-10-25
2012-12-31;21;-13;7;-8;205;18;4;524;70;511;1,504;46;102;-;306;340;832;203;-186;128.65;2013-02-09
2013-03-31;14;-8;7;-4;124;15;4;425;66;498;1,505;39;166;-;332;350;869;-291;562;140.71;2013-04-25
2013-06-30;49;-15;34;-7;136;60;6;457;64;504;1,606;27;210;-;364;451;1;-50;-100;140.71;2013-07-25
2013-09-30;54;-10;44;-26;201;28;8;512;64;492;1,778;63;162;-;392;632;1,193;97;-160;140.71;2013-10-25
2013-12-31;43;-17;26;-56;278;22;7;628;53;444;1,733;74;79;-;312;741;1,209;157;-102;140.71;2014-02-09
2014-03-31;26;-7;19;-3;135;21;7;509;54;367;1,748;36;114;-;293;773;1,218;-236;370;165.81;2014-04-25
2014-06-30;74;-7;67;27;154;2;6;523;52;427;1,934;81;192;-;436;804;1,391;39;-157;165.81;2014-07-25
2014-09-30;18;-8;10;-17;443;9;5;972;50;435;2,398;104;184;93;601;697;1,437;9;-196;165.81;2014-10-25
2014-12-31;346;-34;311;-287;291;186;25;696;1,187;940;5,384;152;-;-;653;2,29;4,733;295;-1,793;165.81;2015-02-09
2015-03-31;329;-39;290;2;408;102;25;712;1,134;940;5,48;120;-;-;582;2,376;4,826;18;2,001;202.62;2015-04-25
2015-06-30;322;-51;271;7;183;54;27;432;1,134;922;5,301;40;-;-;416;2,347;4,64;43;-223;202.62;2015-07-25
2015-09-30;316;-27;290;-166;203;64;32;447;948;898;5,237;57;-;-;409;2,353;4,742;238;-237;202.62;2015-10-25
2015-12-31;279;-24;255;-156;86;87;32;487;768;938;5,189;51;-;-;395;2,622;4,85;125;-310;202.62;2016-02-09
2016-03-31;205;-34;170;32;150;44;31;612;739;924;5,387;135;-;-;431;2,739;5,015;189;-231;236.58;2016-04-25
2016-06-30;256;-39;217;6;62;87;36;592;739;927;5,609;75;-;-;455;2,852;5,231;134;-323;236.58;2016-07-25
2016-09-30;248;-32;216;63;779;106;66;1,356;1,858;1,701;10,28;77;-;-;721;3,165;7,701;250;-258;236.58;2016-10-25
2016-12-31;656;-121;534;-67;106;256;69;1,178;1,847;1,728;9,255;88;-;-;885;2,541;6,806;322;-306;236.58;2017-02-09
2017-03-31;646;-121;525;69;174;225;69;1,199;1,818;1,664;9,337;42;-;-;880;2,513;6,882;438;-262;340.19;2017-04-25
2017-06-30;595;-121;473;60;57;177;65;1,086;1,817;1,627;9,331;75;-;330;1,386;2,038;6,878;444;-292;340.19;2017-07-25
2017-09-30;596;-134;462;112;72;170;74;831;1,817;1,615;9,116;73;-;-;1,147;2,022;6,614;730;-258;340.19;2017-10-25
2017-12-31;726;-147;579;34;232;205;76;2,532;1,86;1,982;12,019;33;1,496;-;2,888;1,893;9,03;543;-277;340.19;2018-02-09
2018-03-31;944;-195;749;169;38;357;81;2,371;1,86;1,992;11,943;124;1,498;-;2,957;1,588;8,838;600;-296;360.11;2018-04-25
2018-06-30;925;-151;775;128;49;333;80;2,338;1,86;1,986;12,066;82;1,499;-;3,028;1,518;9,016;613;-330;360.11;2018-07-25
2018-09-30;966;-170;796;116;127;248;83;2,311;1,86;1,979;12,239;87;1,5;-;3,086;1,476;9,179;697;-384;360.11;2018-10-25
2018-12-31;916;-178;739;63;45;216;93;622;1,86;2,433;10,709;106;-;-;1,38;2,018;7,733;1,889;-431;360.11;2019-02-09
2019-03-31;836;-200;636;10;114;182;99;619;1,791;2,483;11,117;112;-;93;1,444;2,226;8,317;591;-490;360.01;2019-04-25
2019-06-30;785;-198;586;62;102;185;99;603;1,791;2,522;11,493;79;-;122;1,39;2,635;8,829;387;-501;360.01;2019-07-25
2019-09-30;723;-167;556;-43;5;268;95;578;1,713;2,571;11,727;135;15;335;1,53;2,707;9,283;382;-550;360.01;2019-10-25
2019-12-31;1,003;-154;848;112;107;274;88;719;1,713;2,537;12,227;145;-;337;1,715;3,06;9,859;525;-532;360.01;2020-02-09
2020-03-31;872;-156;716;-335;323;98;97;814;1,647;2,001;11,727;118;-;290;1,481;3,401;9,914;570;-361;359.81;2020-04-25
2020-06-30;590;-196;394;170;142;194;99;839;1,647;2,054;11,889;94;-;290;1,191;3,502;9,977;176;-370;359.81;2020-07-25
2020-09-30;684;-134;550;80;819;176;117;1,392;1,647;2,051;12,495;98;-;487;1,251;3,967;10,566;587;-294;359.81;2020-10-25
2020-12-31;834;-142;691;129;538;347;113;1,258;1,647;2,043;12,42;114;-;84;1,04;3,969;10,433;524;-380;359.81;2021-02-09
2021-03-31;1,133;-176;957;127;392;355;111;1,086;1,647;1,879;12,241;83;-;85;1,216;3,474;10,252;900;-243;359.64;2021-04-25
2021-06-30;1,124;-158;966;154;975;384;122;1,695;1,647;1,873;13,076;121;-;79;1,6;3,615;11,046;1,108;-435;359.64;2021-07-25
2021-09-30;1,563;-209;1,354;206;1,421;558;123;2,275;1,647;1,779;13,582;167;-;62;1,982;3,595;11,454;1,063;-409;359.64;2021-10-25
2021-12-31;1,849;-202;1,647;341;1,971;657;126;2,983;1,647;1,664;16,708;147;-;44;2,477;3,577;14,511;1,211;-468;359.64;2022-02-09
2022-03-31;2,291;-220;2,071;522;2,817;892;120;4,045;1,647;1,589;17,94;94;-;42;3,154;3,558;15,392;1,375;-384;496.76;2022-04-25
2022-06-30;2,026;-190;1,836;206;2,154;1,1;160;3,735;14,246;2,861;37,781;131;-;49;5,798;5,834;25,862;1,187;-347;496.76;2022-07-25
2022-09-30;4,866;-236;4,63;763;3,042;1,551;174;5,057;13,193;2,75;36,172;94;-;42;6,825;5,198;24,69;2,361;-493;496.76;2022-10-25
2022-12-31;3,826;-286;3,54;95;2,756;1,286;210;4,756;13,935;2,596;37,562;134;-;36;6,248;5,279;25,134;807;-608;496.76;2023-02-09
2023-03-31;3,31;-263;3,047;187;3,28;1,105;193;4,951;13,636;2,528;37,928;70;-;101;6,173;5,304;25,661;1,682;-677;631.31;2023-04-25
2023-06-30;3,291;-247;3,044;397;2,689;1,005;174;4,292;13,554;2,519;37,312;158;-;116;4,831;5,766;24,996;121;-728;631.31;2023-07-25
2023-09-30;3,513;-252;3,261;588;3,354;1,252;180;5,284;13,554;2,477;38,127;140;-;102;5,579;5,754;25,604;2,101;-900;631.31;2023-10-25
2023-12-31;3,556;-298;3,258;164;3,388;876;202;5,161;13,143;2,449;39,047;291;-;149;5,433;5,798;26,684;1,503;-1,106;631.31;2024-02-09
2024-03-31;3,077;-212;2,865;531;3,215;1,218;232;5,268;13,143;2,442;39,436;187;-;155;5,494;5,696;26,922;1,457;-1,16;631.29;2024-04-22
2024-06-30;3,342;-290;3,052;561;3,233;1,143;243;5,23;13,06;2,433;40,218;224;-;198;4,614;6,493;27,533;1,147;-1,43;631.15;2024-07-08