date;revenue;cogs;gross_profit;net_profit;cash;acc_rec;inventory;curr_assets;goodwill;intangible_assets;total_assets;acc_pay;short_term_debt;current_debt;curr_liab;long_term_debt;total_liab;cash_from_operating_activities;capex;shares;real_date
2009-03-31;3,504;-2,598;906;38;297;2,347;468;3,583;2,338;214;6,55;1,442;-;889;3,799;12;3,935;113;-16;91.79;2009-04-25
2009-06-30;3,785;-2,879;907;58;132;2,566;461;3,55;2,379;202;6,549;1,54;-;798;3,79;12;3,924;75;-36;91.79;2009-07-21
2009-09-30;2,89;-2,123;767;54;140;2,078;390;2,974;2,317;181;5,906;1,177;-;839;3,177;11;3,303;4;-18;91.79;2009-10-21
2009-12-31;4,409;-3,397;1,012;233;195;3,211;393;4,14;2,324;231;7,186;2,162;-;404;4,236;12;4,377;534;-67;91.79;2010-02-09
2010-03-31;3,571;-2,65;921;74;226;2,33;539;3,406;2,378;241;6,521;1,605;-;564;3,5;10;3,625;27;-17;94.14;2010-04-25
2010-06-30;4,042;-3,084;959;67;76;2,936;557;3,957;2,432;234;7,119;2,135;-;577;4,135;15;4,258;71;-26;94.14;2010-07-21
2010-09-30;3,558;-2,689;870;48;185;2,52;670;3,799;2,565;246;7,097;1,791;-;915;4,005;9;4,161;-67;-36;94.14;2010-10-21
2010-12-31;5,96;-4,707;1,253;309;404;4,362;484;5,851;2,758;341;9,63;3,12;-;721;6,028;21;6,292;555;-47;94.14;2011-02-09
2011-03-31;4,648;-3,468;1,18;88;168;2,874;615;4,238;2,787;335;8,04;1,939;-;658;4,303;14;4,575;-70;-32;99.55;2011-04-25
2011-06-30;4,948;-3,716;1,232;111;51;3,159;531;4,289;2,758;316;8,042;2,184;-;412;4,33;2;4,589;238;-40;99.55;2011-07-21
2011-09-30;4,113;-3,092;1,021;75;93;2,865;608;4,196;2,805;315;8,009;1,867;-;724;4,171;2;4,448;-165;-53;99.55;2011-10-21
2011-12-31;6,519;-5,098;1,421;327;485;4,615;557;6,304;2,834;335;10,224;3,593;-;218;6,078;15;6,398;1,043;-54;99.55;2012-02-09
2012-03-31;4,819;-3,577;1,243;79;145;3,096;655;4,571;2,81;323;8,52;2,204;-;450;4,343;22;4,641;-422;-51;101;2012-04-25
2012-06-30;5,34;-4,074;1,266;67;21;3,662;643;5,069;2,838;328;9,036;2,603;-;861;5,301;28;5,58;64;-57;101;2012-07-21
2012-09-30;4,451;-3,321;1,129;78;162;3,073;596;4,517;2,849;320;8,455;2,028;-;1,019;4,662;27;4,933;40;-49;101;2012-10-21
2012-12-31;6,321;-4,86;1,461;285;180;4,438;509;5,736;2,833;330;9,81;3,616;-;67;5,679;65;5,994;1,13;-93;101;2013-02-09
2013-03-31;5,085;-3,826;1,259;53;164;3,273;578;4,72;2,951;345;8,965;2,483;-;357;4,612;73;4,989;-224;-77;103;2013-04-25
2013-06-30;5,502;-4,177;1,325;39;283;3,675;533;5,244;3,011;348;9,582;2,78;-;144;4,83;911;6,058;158;-57;103;2013-07-21
2013-09-30;4,664;-3,474;1,19;50;-;3,318;496;4,538;3,079;339;8,943;2,255;-;1;4,003;957;5,299;-97;-45;103;2013-10-21
2013-12-31;6,846;-5,3;1,545;198;746;4,751;463;6,651;3,132;326;11,187;3,847;-;146;6,405;1,019;7,655;1,037;-109;103;2014-02-09
2014-03-31;5,885;-4,507;1,378;71;509;3,212;565;5,106;3,091;302;9,576;2,635;-;139;4,785;1,002;6,002;-149;-57;105;2014-04-25
2014-06-30;5,981;-4,603;1,378;55;462;3,715;600;5,569;3,112;296;10,049;3,258;-;-;5,747;1,016;6,991;424;-49;105;2014-07-21
2014-09-30;5,174;-3,901;1,273;88;288;3,176;597;4,861;3,045;276;9,263;2,712;-;30;4,973;1,015;6,191;-104;-49;105;2014-10-21
2014-12-31;7,549;-5,861;1,689;216;583;5,496;632;7,498;3,588;369;12,624;4,681;-;291;7,704;923;9,075;788;-63;105;2015-02-09
2015-03-31;6,498;-4,961;1,538;68;461;3,553;704;5,586;3,506;337;10,565;3,263;-;228;5,698;1,097;7,034;25;-37;106.5;2015-04-25
2015-06-30;6,842;-5,303;1,539;24;292;4,4;772;6,372;3,575;350;11,525;3,853;-;678;7,243;1,122;8,617;-62;-98;106.5;2015-07-21
2015-09-30;5,957;-4,495;1,462;68;168;3,866;598;5,606;3,768;355;10,987;3,025;-;695;6,341;1,177;7,803;-135;-46;106.5;2015-10-21
2015-12-31;8,606;-6,742;1,864;231;630;5,988;762;8,252;3,815;357;13,731;5,707;-;197;8,79;1,182;10,251;1,459;-111;106.5;2016-02-09
2016-03-31;7,246;-5,548;1,698;59;137;3,991;774;5,797;3,76;348;11,172;3,589;-;282;6,272;1,149;7,685;-441;-61;107.5;2016-04-25
2016-06-30;8,442;-6,672;1,77;70;115;5,229;761;7,019;3,713;334;12,321;4,394;-;775;7,746;1,125;9,136;-71;-81;107.5;2016-07-21
2016-09-30;6,403;-4,899;1,504;93;154;3,912;654;5,566;3,606;305;10,739;3,219;-;787;6,575;1,094;7,907;151;-90;107.5;2016-10-21
2016-12-31;9,096;-7,13;1,966;291;880;5,975;608;8,251;3,658;294;13,456;5,835;-;152;8,908;1,079;10,256;1,765;-48;107.5;2017-02-09
2017-03-31;7,36;-5,666;1,694;69;465;4,157;600;6,111;3,683;291;11,311;3,945;-;96;6,648;1,07;7,991;-321;-56;109;2017-04-25
2017-06-30;8,409;-6,624;1,785;84;16;5,391;691;7,083;3,789;293;12,396;4,596;-;1,367;8,778;144;9,2;-396;-55;109;2017-07-21
2017-09-30;6,654;-5,043;1,611;125;52;4,303;694;6,156;3,742;273;11,37;3,776;-;1,263;8,035;136;8,442;190;-57;109;2017-10-21
2017-12-31;10,015;-7,888;2,127;265;1,125;6,886;591;9,663;3,845;273;14,915;6,755;-;903;11,133;120;11,542;1,765;-62;109;2018-02-09
2018-03-31;8,34;-6,502;1,838;87;294;4,317;776;6,973;3,755;254;12,094;4,563;-;1,051;8,343;111;8,733;-841;-80;110;2018-04-25
2018-06-30;9,099;-7,211;1,888;84;59;5,73;789;7,905;3,706;239;12,939;5,161;-;1,073;9,034;581;9,882;-302;-68;110;2018-07-21
2018-09-30;7,098;-5,416;1,682;92;24;4,273;771;6,701;3,703;224;11,767;3,771;-;1,374;8,115;576;8,953;-197;-78;110;2018-10-21
2018-12-31;10,172;-8,045;2,127;205;764;6,445;830;9,581;3,901;237;14,778;7,125;-;224;10,741;557;11,541;2,286;-79;110;2019-02-09
2019-03-31;9,139;-7,2;1,939;80;552;3,817;995;7,104;3,811;230;13,005;4,721;-;902;8,358;539;9,804;-481;-88;111;2019-04-25
2019-06-30;9,487;-7,582;1,905;97;738;3,907;1,046;7,435;3,809;232;13,473;5,378;-;783;8,951;535;10,507;873;-78;111;2019-07-21
2019-09-30;7,829;-6,073;1,756;135;706;2,727;813;6,262;3,855;231;12,313;3,548;-;1,405;7,959;536;9,5;-435;-66;111;2019-10-21
2019-12-31;10,2;-8,042;2,158;218;1,769;4,38;798;8,849;3,881;237;14,957;6,113;-;997;10,348;472;11,882;1,94;-21;111;2020-02-09
2020-03-31;9,043;-7,046;1,997;6;822;3,685;978;7,525;4,289;310;14,482;4,816;-;1,265;9,085;472;10,886;-1,198;-114;111;2020-04-25
2020-06-30;10,598;-8,534;2,064;151;1,024;4,157;1,095;8,315;4,172;282;15,062;6,07;-;487;9,661;473;11,424;1,01;-52;111;2020-07-21
2020-09-30;8,185;-6,338;1,847;149;1,136;3,107;863;7,031;4,219;286;13,931;4,18;-;782;8,233;474;10,075;-7;-66;111;2020-10-21
2020-12-31;11,676;-9,349;2,327;284;1,605;5,818;797;9,957;4,088;289;16,584;6,934;-;443;11,43;475;13,2;1,583;-98;111;2021-02-09
2021-03-31;9,999;-7,915;2,084;128;796;3,38;1,061;7,257;3,94;285;13,593;4,912;-;397;8,319;475;10,101;-641;-76;114;2021-04-25
2021-06-30;6,692;-4,603;2,089;142;938;3,758;1,146;7,828;4,001;301;14,235;5,638;-;399;9,058;475;10,853;583;-70;114;2021-07-21
2021-09-30;8,525;-6,608;1,917;186;523;2,638;1,219;6,549;3,993;307;12,885;3,985;-;632;7,576;475;9,311;-503;-74;114;2021-10-21
2021-12-31;3,275;-919;2,356;304;1,353;5,189;1,191;9,727;3,942;328;16,048;6,574;-;363;10,674;475;12,541;1,657;-108;114;2022-02-09
2022-03-31;6,906;-4,814;2,092;130;629;3,12;1,491;7,281;3,858;332;13,488;4,874;-;601;8,196;475;9,999;-696;-68;112;2022-04-25
2022-06-30;7,59;-5,378;2,212;222;905;5,014;1,836;10,201;4,077;389;16,728;6,124;-;2,398;11,805;518;13,132;-579;-110;112;2022-07-21
2022-09-30;8,082;-6,001;2,082;196;817;3,943;1,398;8,94;4,164;407;15,579;4,887;-;1,828;10,362;518;11,704;727;-89;112;2022-10-21
2022-12-31;9,82;-7,202;2,618;300;922;6,701;1,198;11,138;4,132;452;17,858;8,1;-;949;12,813;518;14,13;1,578;-130;112;2023-02-09
2023-03-31;8,692;-6,184;2,508;175;1,053;4,676;1,266;9,74;4,367;501;16,836;6,999;-;895;11,208;518;12,622;205;-73;112;2023-04-25
2023-06-30;8,87;-6,214;2,656;194;1,161;6,151;1,232;11,116;4,417;538;18,297;7,521;-;1,033;12,137;588;14,155;340;-108;112;2023-07-21
2023-09-30;7,743;-5,461;2,282;182;1,019;3,996;834;8,372;4,307;541;15,436;5,007;-;993;9,188;588;11,223;-301;-41;112;2023-10-21
2023-12-31;9,399;-6,595;2,804;250;1,587;6,946;785;11,509;4,336;572;18,636;8,202;-;423;12,437;588;14,437;1,634;-100;112;2024-02-09
2024-03-31;7,606;-5,05;2,556;192;830;4,522;894;8,793;4,429;590;16,116;5,148;-;797;9,544;588;11,604;-903;-79;112.38;2024-04-22
2024-06-30;8,38;-5,738;2,642;139;1,19;5,968;998;10,735;4,36;617;18,04;7,118;-;458;11,771;588;13,857;665;-112;112.38;2024-07-08
2024-09-30;7,983;-5,626;2,357;192;1,034;4,308;946;8,732;4,469;661;16,163;4,905;-;967;9,892;588;12,009;112;-89;112.47;2024-10-28
2024-12-31;10,614;-7,771;2,843;253;2,004;8,074;974;13,648;4,465;712;21,109;9,746;-;460;14,581;588;16,686;2,154;-144;112.38;2025-02-07