date;revenue;cogs;gross_profit;net_profit;cash;acc_rec;inventory;curr_assets;goodwill;intangible_assets;total_assets;acc_pay;short_term_debt;current_debt;curr_liab;long_term_debt;total_liab;cash_from_operating_activities;capex;shares;real_date
2012-12-31;925;-;925;44;134;-;579;1,411;-;39;3,466;-;-;6;604;992;1,775;176;-117;100.0;2013-02-09
2013-03-31;950;-;950;66;122;-;604;1,453;-;38;3,531;-;-;11;644;930;1,801;92;-59;100.0;2013-04-25
2013-06-30;952;-;952;89;104;-;622;1,452;-;38;3,574;-;-;9;703;970;1,885;122;-90;100.0;2013-07-25
2013-09-30;1,016;-;1,016;116;155;-;569;1,515;-;41;3,602;-;-;1;695;890;1,799;180;-33;100.0;2013-10-25
2013-12-31;886;-;886;60;39;-;545;1,277;-;57;3,427;-;-;6;656;774;1,58;132;-106;100.0;2014-02-09
2014-03-31;992;-;992;65;35;-;533;1,341;-;54;3,494;-;-;5;622;755;1,531;59;-51;100.0;2014-04-25
2014-06-30;993;-;993;90;48;-;556;1,363;-;58;3,496;-;-;95;673;763;1,588;69;-32;100.0;2014-07-25
2014-09-30;1,003;-;1,003;110;79;-;548;1,34;-;69;3,489;-;-;7;565;746;1,461;227;-79;100.0;2014-10-25
2014-12-31;951;-;951;67;168;-;610;1,485;-;77;3,748;-;-;8;819;784;1,807;245;-151;100.0;2015-02-09
2015-03-31;1,007;-;1,007;73;51;-;640;1,517;-;72;3,78;-;-;67;786;770;1,766;-82;-53;100.0;2015-04-25
2015-06-30;1,054;-;1,054;92;51;-;613;1,524;-;75;3,849;-;-;23;711;871;1,787;146;-106;100.0;2015-07-25
2015-09-30;1,069;-;1,069;111;125;-;600;1,591;-;89;3,902;-;-;9;769;850;1,902;198;-71;100.0;2015-10-25
2015-12-31;1,034;-;1,034;108;169;-;676;1,683;-;137;4,169;-;-;9;898;802;2,113;301;-200;100.0;2016-02-09
2016-03-31;1,113;-;1,113;120;39;-;684;1,731;-;131;4,276;-;-;31;737;791;1,9;-69;-71;100.0;2016-04-25
2016-06-30;1,167;-;1,167;154;163;-;671;1,815;-;127;4,408;-;-;9;900;784;2,023;433;-142;100.0;2016-07-25
2016-09-30;1,102;-;1,102;156;385;-;660;1,983;-;123;4,643;-;-;9;881;769;1,966;339;-115;100.0;2016-10-25
2016-12-31;1,11;-;1,11;123;265;-;626;1,839;-;125;4,671;-;-;61;1,134;525;1,992;378;-294;100.0;2017-02-09
2017-03-31;1,136;-;1,136;147;182;-;687;1,818;-;121;4,711;-;-;41;1,038;526;1,903;82;-159;100.0;2017-04-25
2017-06-30;1,256;-;1,256;181;75;-;661;1,802;-;118;4,836;-;-;106;1,06;765;2,194;158;-215;100.0;2017-07-25
2017-09-30;1,089;-;1,089;145;199;-;712;1,81;-;112;5,061;-;-;71;987;775;2,138;364;-255;100.0;2017-10-25
2017-12-31;1,137;-;1,137;85;180;-;734;1,885;-;111;5,333;-;-;283;1,317;743;2,444;176;-339;100.0;2018-02-09
2018-03-31;1,217;-;1,217;132;92;-;718;1,869;-;105;5,412;-;-;279;1,154;757;2,321;31;-177;100.0;2018-04-25
2018-06-30;1,199;-;1,199;123;90;-;784;1,878;-;103;5,517;-;-;273;1,141;1,011;2,539;179;-187;100.0;2018-07-25
2018-09-30;1,15;-;1,15;105;231;-;846;2,029;-;99;5,775;-;-;270;1,243;1,061;2,666;278;-185;100.0;2018-10-25
2018-12-31;1,219;-;1,219;65;86;-;856;1,898;-;100;5,951;-;-;272;1,244;1,115;2,828;70;-213;100.0;2019-02-09
2019-03-31;1,25;-;1,25;108;134;-;908;2,123;-;95;6,421;-;-;415;1,373;1,323;3,125;44;-123;100.0;2019-04-25
2019-06-30;1,34;-;1,34;107;77;-;907;2,076;-;92;6,595;-;-;580;1,468;1,526;3,406;133;-146;100.0;2019-07-25
2019-09-30;1,239;-;1,239;118;127;-;955;2,133;-;90;6,709;-;-;548;1,524;1,554;3,564;232;-101;100.0;2019-10-25
2019-12-31;1,234;-;1,234;18;147;-;931;2,069;-;93;6,744;-;-;608;1,567;1,419;3,438;288;-213;100.0;2020-02-09
2020-03-31;1,372;-;1,372;84;61;-;942;2,371;-;98;7,341;-;-;617;1,898;1,82;4,7;-125;-58;100.0;2020-04-25
2020-06-30;1,358;-;1,358;85;67;-;1,003;2,19;-;94;6,943;-;-;694;1,902;1,53;4,017;442;-155;100.0;2020-07-25
2020-09-30;1,26;-;1,26;99;50;-;1,001;2,106;-;90;6,807;-;-;687;1,718;1,48;3,695;153;-99;100.0;2020-10-25
2020-12-31;1,338;-;1,338;111;207;-;887;2,145;-;86;7,003;-;-;623;1,553;1,381;3,335;416;-191;100.0;2021-02-09
2021-03-31;1,419;-;1,419;133;213;-;822;2,166;-;81;7,08;-;-;517;1,364;1,374;3,153;239;-95;99.70;2021-04-25
2021-06-30;1,511;-;1,511;229;246;-;769;2,288;-;93;7,07;-;-;508;1,432;1,346;3,195;458;-125;99.70;2021-07-25
2021-09-30;1,429;-;1,429;205;184;-;799;2,163;-;90;7,087;-;-;313;1,316;1,351;3,064;378;-219;99.70;2021-10-25
2021-12-31;1,446;-;1,446;93;124;-;792;2,023;-;89;7,166;-;-;224;1,283;1,32;2,944;356;-117;99.70;2022-02-09
2022-03-31;1,615;-;1,615;209;103;-;878;2,397;-;86;7,581;-;-;223;1,212;1,418;2,979;-72;-87;99.95;2022-04-25
2022-06-30;1,744;-;1,744;244;90;-;1,035;2,594;-;86;7,679;-;-;272;1,417;1,926;3,78;182;-81;99.95;2022-07-25
2022-09-30;1,752;-;1,752;235;167;-;1,23;2,892;-;84;8,04;-;-;641;2,071;1,523;4,111;312;-84;99.95;2022-10-25
2022-12-31;1,77;-;1,77;163;234;-;1,299;2,92;-;82;8,114;-;-;702;2,004;1,37;3,72;313;-212;99.95;2023-02-09
2023-03-31;1,85;-;1,85;221;469;1,201;1,373;3,15;-;82;8,371;-;-;657;2,142;1,49;4,111;111;-107;99.92;2023-04-25
2023-06-30;1,963;-;1,963;288;365;-;1,318;3,259;-;80;8,728;-;-;547;2,077;2,038;4,645;411;-137;99.92;2023-07-25
2023-09-30;1,714;-;1,714;242;707;-;1,393;3,5;-;84;9,045;-;-;580;2,1;2,008;4,525;526;-130;99.92;2023-10-25
2023-12-31;1,605;-;1,605;105;469;-;1,447;3,117;-;84;9,115;-;-;246;1,804;2,016;4,26;515;-293;99.92;2024-02-09
2024-03-31;1,975;-;1,975;200;200;1,753;1,348;3,301;-;82;9,283;-;-;330;1,922;2,043;4,406;-183;-115;100.0;2024-04-22
2024-06-30;1,949;-;1,949;245;311;1,494;1,356;3,161;-;76;9,184;-;-;478;1,864;2,005;4,235;546;-172;100.0;2024-07-15