date;revenue;cogs;gross_profit;net_profit;cash;acc_rec;inventory;curr_assets;goodwill;intangible_assets;total_assets;acc_pay;short_term_debt;current_debt;curr_liab;long_term_debt;total_liab;cash_from_operating_activities;capex;shares;real_date
2014-03-31;830;-511;319;-31;67;213;884;1,217;1,579;548;3,516;285;-;286;749;1,696;2,576;-186;-10;166.97;2014-04-25
2014-06-30;1,077;-606;471;51;-;196;913;1,179;1,58;529;3,471;363;-;218;700;1,554;2,396;117;-25;166.97;2014-07-15
2014-09-30;1,054;-622;433;37;158;202;1,066;1,499;-;2,089;3,777;586;-;119;959;1,551;2,665;187;-22;166.97;2014-10-25
2014-12-31;1,192;-685;507;92;245;230;984;1,566;1,58;420;3,768;482;-;273;967;1,481;2,563;177;-27;166.97;2015-02-04
2015-03-31;964;-559;404;6;16;224;1,24;1,579;1,581;416;3,802;587;-;314;1,002;1,479;2,592;-190;-36;166.97;2015-04-25
2015-06-30;1,122;-607;514;10;77;210;1,126;1,458;1,582;412;3,67;381;-;136;680;1,647;2,403;59;-19;166.97;2015-07-15
2015-09-30;1,135;-640;495;75;173;212;1,251;1,7;1,582;408;3,924;559;-;-;831;1,644;2,582;131;-30;166.97;2015-10-25
2015-12-31;1,409;-763;646;187;447;240;1,109;1,853;1,582;428;4,094;445;-;-;855;1,648;2,566;297;-33;166.97;2016-02-04
2016-03-31;1,016;-605;411;9;176;228;1,307;1,748;1,586;424;3,993;453;-;-;739;1,647;2,455;-253;-16;166.97;2016-04-25
2016-06-30;1,248;-701;547;126;167;198;1,149;1,567;1,586;420;3,825;370;-;-;637;1,647;2,395;259;-32;166.97;2016-07-15
2016-09-30;1,218;-717;500;69;157;243;1,346;1,81;1,586;416;4,064;548;-;-;790;1,646;2,565;8;-17;166.97;2016-10-25
2016-12-31;1,499;-879;620;209;577;203;1,324;2,171;1,589;428;4,436;556;-;-;1,034;1,647;2,728;454;-25;166.97;2017-02-04
2017-03-31;1,11;-661;448;-1;155;194;1,667;2,062;1,598;423;4,345;524;-;-;946;1,646;2,638;-369;-25;166.97;2017-04-25
2017-06-30;1,406;-808;599;129;16;166;1,456;1,692;1,598;419;4,009;405;-;-;774;1,645;2,507;227;-32;166.97;2017-07-15
2017-09-30;1,278;-741;537;65;204;166;1,458;1,895;1,599;415;4,211;506;-;-;892;1,645;2,644;211;-18;166.97;2017-10-25
2017-12-31;1,536;-908;627;197;582;208;1,368;2,221;1,599;430;4,548;581;-;-;1,085;1,649;2,784;403;-29;166.97;2018-02-04
2018-03-31;1,199;-712;488;8;259;162;1,572;2,043;1,602;428;4,375;520;-;-;901;1,652;2,603;-298;-21;165.76;2018-04-25
2018-06-30;1,427;-793;634;136;136;141;1,454;1,794;1,603;432;4,331;449;-;-;969;1,647;2,706;191;-22;165.76;2018-07-15
2018-09-30;1,352;-770;582;61;93;154;1,761;2,088;1,606;435;4,625;683;-;-;1,228;1,646;2,982;24;-18;165.76;2018-10-25
2018-12-31;1,76;-1,023;736;224;427;186;1,573;2,288;1,606;435;4,757;554;-;-;1,274;1,649;2,968;434;-18;165.76;2019-02-04
2019-03-31;1,237;-732;505;-24;10;156;1,881;2,114;1,607;433;6,525;576;-;395;1,52;1,649;4,763;-300;-24;161.83;2019-04-25
2019-06-30;1,622;-938;684;103;4;139;1,716;1,937;1,611;433;6,875;546;-;2,143;3,187;-;5,309;349;-49;161.83;2019-07-15
2019-09-30;1,477;-814;663;85;27;130;1,823;2,068;1,611;432;6,915;628;-;2,043;3,212;-;5,264;257;-26;161.83;2019-10-25
2019-12-31;1,821;-1,06;760;212;568;182;1,55;2,377;1,611;433;7,316;617;-;2,056;3,288;-;5,338;726;-58;161.83;2020-02-04
2020-03-31;1,382;-794;589;0;78;130;1,737;2,061;1,615;437;7,008;590;-;928;1,986;997;5,03;-199;-27;165.19;2020-04-25
2020-06-30;2,211;-1,269;941;247;127;147;1,591;1,947;1,618;440;6,824;672;-;630;1,897;997;4,922;825;-41;165.19;2020-07-15
2020-09-30;1,897;-1,064;833;190;44;149;1,765;2,057;1,618;440;6,874;773;-;434;1,755;997;4,782;242;-15;165.19;2020-10-25
2020-12-31;2,439;-1,407;1,032;366;540;195;1,634;2,457;1,618;446;7,278;743;-;474;2,214;995;5,065;837;-22;165.19;2021-02-04
2021-03-31;1,718;-974;744;104;141;168;1,892;2,285;1,618;444;7,172;662;-;492;1,928;995;4,854;-268;-20;160.87;2021-04-25
2021-06-30;2,096;-1,107;989;283;192;151;1,712;2,14;1,626;447;6,985;674;-;489;1,869;995;4,818;649;-43;160.87;2021-07-15
2021-09-30;1,994;-1,083;911;205;-;134;2,09;2,348;1,988;761;8,022;826;-;621;2,448;1,093;5,891;350;-25;160.87;2021-10-25
2021-12-31;2,76;-1,428;1,332;512;570;215;1,997;2,9;2,073;657;8,639;844;-;495;2,693;1,092;6,019;861;-43;160.87;2022-02-04
2022-03-31;1,716;-956;760;89;-;146;2,351;2,59;2,074;658;8,36;781;-;531;2,318;1,089;5,652;-434;-30;160.99;2022-04-25
2022-06-30;2,216;-1,147;1,069;328;-;140;2,235;2,509;2,08;667;8,35;737;-;908;2,487;1,093;5,96;426;-32;160.99;2022-07-15
2022-09-30;2,05;-1,075;975;188;-;138;2,608;2,918;2,191;669;8,84;844;-;948;2,77;1,093;6,304;197;-34;160.99;2022-10-25
2022-12-31;2,947;-1,655;1,292;438;464;215;2,384;3,196;2,191;684;9,225;876;-;527;2,785;1,085;6,265;1,059;11;160.99;2023-02-04
2023-03-31;1,933;-1,093;840;71;-;158;2,499;2,759;2,191;686;8,951;645;-;929;2,333;1,084;5,641;-366;-70;161.03;2023-04-25
2023-06-30;2,31;-1,282;1,028;259;-;148;2,254;2,501;2,191;683;8,661;648;-;1,117;2,358;1,083;5,695;574;-23;161.03;2023-07-15
2023-09-30;2,152;-1,177;975;143;81;146;2,364;2,714;2,191;677;8,792;869;-;841;2,347;1,082;5,682;526;-33;161.03;2023-10-25
2023-12-31;3,072;-1,724;1,348;435;676;218;2,143;3,147;-;2,861;9,312;880;-;594;2,532;1,042;5,751;1,035;-15;161.03;2024-02-04