date;revenue;cogs;gross_profit;net_profit;cash;acc_rec;inventory;curr_assets;goodwill;intangible_assets;total_assets;acc_pay;short_term_debt;current_debt;curr_liab;long_term_debt;total_liab;cash_from_operating_activities;capex;shares;real_date
2008-03-31;350;-209;141;-56;183;144;953;1,334;138;837;2,988;146;345;55;585;955;1,797;59;-;112;2008-05-15
2008-06-30;344;-181;163;51;81;170;1,046;1,343;133;880;3,127;172;343;51;616;990;1,886;46;-;112;2008-08-14
2008-09-30;436;-238;198;1;83;198;1,106;1,445;133;892;3,314;194;433;60;746;997;2,047;-12;-;112;2008-11-14
2008-12-31;358;-223;134;-340;68;158;1,118;1,401;88;840;3,139;215;497;843;1,714;235;2,21;15;-;112;2009-02-14
2009-03-31;284;-115;169;124;64;123;1,247;1,475;88;826;3,186;134;486;53;812;1,043;2,161;13;-;112;2009-05-15
2009-06-30;474;-207;267;192;255;160;1,544;2,014;88;838;3,782;179;486;74;914;1,016;2,316;41;-;112;2009-08-14
2009-09-30;385;-172;213;-174;115;134;1,315;1,62;88;823;3,346;172;453;91;816;936;2,059;-109;-;112;2009-11-14
2009-12-31;478;-248;230;88;140;188;1,416;1,821;88;824;3,569;233;483;123;935;923;2,194;122;-;112;2010-02-14
2010-03-31;619;-301;318;258;287;224;1,516;2,08;88;827;3,866;131;481;131;869;914;2,217;247;-;112;2010-05-15
2010-06-30;581;-169;413;138;238;201;1,625;2,121;91;849;3,995;204;311;88;796;898;2,185;245;-98;112;2010-08-14
2010-09-30;586;-254;332;-14;147;203;1,485;1,897;91;857;3,773;241;240;130;746;839;2,036;58;-85;112;2010-11-14
2010-12-31;670;-219;451;248;144;265;1,622;2,075;91;929;4,058;253;260;121;702;830;2,075;44;-;112;2011-02-14
2011-03-31;509;-154;355;214;174;163;1,81;2,189;102;987;4,249;159;244;122;636;807;2,068;216;-67;112;2011-05-15
2011-06-30;568;-197;371;-259;114;211;1,339;1,729;105;978;3,844;216;360;118;783;795;2,102;115;-80;112;2011-08-14
2011-09-30;467;-255;212;-121;174;190;1,344;1,787;105;985;3,979;358;500;121;1,071;798;2,348;22;-89;112;2011-11-14
2011-12-31;515;-284;231;43;153;224;67;1,914;105;992;4,179;303;700;125;1,207;614;2,488;-138;-84;112;2012-02-14
2012-03-31;540;-298;242;1;212;176;1,345;1,791;105;987;4,08;206;700;71;1,094;840;2,412;168;-75;112;2012-05-15
2012-06-30;518;-244;274;-3;272;148;1,333;1,806;105;992;4,126;235;700;104;1,154;806;2,441;133;-50;112;2012-08-14
2012-09-30;424;-246;178;-113;120;127;1,389;1,692;105;989;4,003;375;600;128;1,216;777;2,438;17;-36;112;2012-11-14
2012-12-31;568;-415;153;-32;240;125;66;1,792;105;981;4,07;246;500;154;988;976;2,557;-116;-27;112;2013-02-14
2013-03-31;517;-220;297;76;221;128;1,382;1,79;105;981;4,057;164;604;-;901;1,098;2,465;107;-19;112;2013-05-15
2013-06-30;624;-246;378;88;289;173;1,409;1,93;105;986;4,214;227;583;-;930;22;2,52;158;-51;112;2013-08-14
2013-09-30;574;-227;347;52;227;117;1,55;1,973;106;995;4,288;330;482;-;935;1,054;2,52;134;-37;112;2013-11-14
2013-12-31;689;-275;414;215;182;442;75;2,566;107;999;4,907;418;606;157;1,303;875;2,919;-81;-57;112;2014-02-14
2014-03-31;1,015;-610;405;56;286;369;60;2,539;107;993;4,875;278;852;-;1,247;1,024;2,851;99;-41;112;2014-05-15
2014-06-30;1,138;-704;435;-60;240;557;63;2,534;108;1,005;4,906;354;420;-;932;1,394;2,906;58;-31;112;2014-08-14
2014-09-30;956;-467;488;-59;196;396;92;2,328;108;1,004;4,738;433;304;-;864;1,371;2,804;186;-77;112;2014-11-14
2014-12-31;990;-513;478;207;181;504;91;2,714;109;1,078;5,352;360;736;-;1,328;1,219;3,13;-186;-163;112;2015-02-14
2015-03-31;1,023;-598;426;-51;201;394;93;2,609;109;1,088;5,313;340;717;-;1,286;1,28;3,138;119;-120;112;2015-05-15
2015-06-30;1,149;-835;314;-101;240;582;89;2,674;109;1,096;5,402;549;840;-;1,583;1,231;3,372;85;-45;112;2015-08-14
2015-09-30;1,246;-575;671;6;309;442;102;2,708;110;1,104;5,452;515;742;-;1,493;1,328;3,399;176;-76;112;2015-11-14
2015-12-31;1,19;-731;460;151;392;582;91;3,14;111;1,11;5,936;653;338;102;1,342;1,54;3,729;-10;-82;112;2016-02-14
2016-03-31;1,266;-715;551;191;369;532;57;3,131;110;1,095;5,833;432;476;-;1,125;1,721;3,477;109;-29;112;2016-05-15
2016-06-30;1,664;-756;908;298;371;679;76;3,424;109;1,087;6,095;496;536;-;1,233;1,582;3,529;210;-51;112;2016-08-14
2016-09-30;1,557;-804;753;181;199;675;86;3,497;108;1,068;6,146;548;543;-;1,319;1,367;3,456;121;-78;112;2016-11-14
2016-12-31;2,052;-1,012;1,04;552;504;801;89;4,065;109;1,078;6,768;494;503;166;1,629;996;3,617;512;-96;112;2017-02-14
2017-03-31;1,422;-793;629;-60;225;671;65;3,645;109;1,079;6,428;463;527;-;1,398;1,207;3,341;35;-116;112;2017-05-15
2017-06-30;2,024;-1,072;953;247;455;1,005;64;4,029;109;1,082;6,912;515;715;-;1,666;1,474;3,912;297;-121;112;2017-08-14
2017-09-30;1,854;-977;877;190;342;740;79;3,875;109;1,078;6,81;616;659;-;1,641;1,135;3,634;416;-121;112;2017-11-14
2017-12-31;1,716;-882;834;224;272;761;92;4,07;109;1,087;7,153;585;501;157;1,665;1,207;3,848;-39;-194;112;2018-02-14
2018-03-31;1,493;-729;764;228;225;777;73;4,422;109;1,076;7,561;530;409;212;1,521;1,708;4,087;-152;-149;112;2018-05-15
2018-06-30;2,292;-1,237;1,054;166;199;991;93;4,162;109;1,13;7,534;517;615;187;1,663;1,559;4,113;512;-288;112;2018-08-14
2018-09-30;1,584;-748;836;225;204;614;89;4,093;109;1,134;7,573;591;409;223;1,544;1,385;3,916;518;-150;112;2018-11-14
2018-12-31;2,131;-1,138;993;379;138;925;126;4,554;109;1,147;8,142;649;620;175;1,768;1,605;4,308;-72;24;112;2019-02-14
2019-03-31;1,066;-214;851;252;313;768;144;4,892;109;1,144;8,963;583;503;277;1,695;1,818;4,86;198;-105;112;2019-05-15
2019-06-30;1,539;-579;961;140;179;889;150;4,656;109;1,139;8,763;645;514;288;1,759;1,657;4,751;317;-50;112;2019-08-14
2019-09-30;1,328;-473;854;-265;138;466;132;3,911;109;1,151;8,066;686;47;324;1,376;1,623;4,258;415;-99;112;2019-11-14
2019-12-31;2,39;-1,175;1,215;499;214;460;178;4,632;110;1,15;8,935;855;86;298;1,701;1,577;4,85;526;-116;112;2020-02-14
2020-03-31;1,313;-347;966;-451;280;463;177;4,781;111;1,237;9,409;667;57;313;2,134;1,997;5,655;17;-160;112;2020-05-15
2020-06-30;1,415;-691;724;-54;743;351;165;4,251;671;1,672;10,76;596;88;309;1,402;3,009;6,232;367;-210;112;2020-08-14
2020-09-30;1,263;-655;607;-126;334;252;156;3,711;668;1,771;10,587;714;95;353;1,565;3,185;6,211;182;-320;112;2020-11-14
2020-12-31;394;-24;370;315;275;179;78;3,296;638;1,546;10,65;563;-;258;969;3,376;6,279;-393;-850;112;2021-02-14
2021-03-31;660;-185;475;104;208;301;85;3,709;644;1,555;11,227;422;-;853;1,441;3,919;6,723;-488;-133;112;2021-05-15
2021-06-30;1,122;-478;644;96;204;213;112;3,743;657;1,572;11,54;531;-;878;1,61;3,851;6,87;421;-184;112;2021-08-14
2021-09-30;1,303;-497;806;148;146;99;133;3,916;656;1,569;11,735;547;-;892;1,714;3,715;6,869;331;-126;112;2021-11-14
2021-12-31;1,513;-578;935;256;928;152;128;4,843;660;1,573;10,714;523;-;233;1,111;2,381;5,151;2,378;-122;112;2022-02-14
2022-03-31;1,465;-351;1,113;692;1,708;165;141;6,38;664;1,585;12,371;642;-;319;1,332;3,502;6,102;341;-116;112;2022-05-15
2022-06-30;2,351;-536;1,815;679;1,993;370;214;7,125;730;1,673;13,645;623;-;345;1,627;3,643;6,807;862;-129;112;2022-08-14
2022-09-30;1,709;-760;949;-279;2,175;178;234;6,731;747;1,6;13,39;823;-;369;1,773;3,575;6,783;507;-160;112;2022-11-14
2022-12-31;1,64;-586;1,054;62;643;259;240;6,396;691;1,478;12,875;717;-;369;1,849;3,492;6,39;-148;-160;112;2023-02-14
2023-03-31;1,546;-415;1,131;427;243;210;216;6,417;732;1,524;13,222;494;-;363;1,547;3,429;6,195;99;-276;112;2023-05-15
2023-06-30;2,372;-954;1,419;-4;802;321;211;6,268;767;1,562;13,632;633;-;420;2,613;3,661;7,573;709;-185;112;2023-08-14
2023-09-30;1,164;-383;781;-100;286;203;202;5,689;748;1,534;13,076;759;-;443;2,199;3,606;6,915;-380;-145;112;2023-11-14
2023-12-31;1937;-995;942;247;216;327;230;6045;727;1502;13663;760;-;508;1,54;4603;7294;-728;-186;113;2024-02-14
2024-03-31;2,289;-1,061;1,228;-330;279;316;180;5,202;751;1,527;13,101;665;-;450;1,372;4,448;6,716;688;-239;113.45;2024-05-13