date;revenue;cogs;gross_profit;net_profit;cash;acc_rec;inventory;curr_assets;goodwill;intangible_assets;total_assets;acc_pay;short_term_debt;current_debt;curr_liab;long_term_debt;total_liab;cash_from_operating_activities;capex;shares;real_date
2008-03-31;397;-303;94;-61;55;-;717;1,025;408;689;2,681;-;167;-;430;674;1,251;76;-21;347.8;2008-05-10
2008-06-30;402;-272;130;3;58;-;684;980;408;689;2,642;-;164;-;386;671;1,204;54;-32;347.8;2008-08-23
2008-09-30;415;-250;165;-25;88;-;762;1,074;259;676;2,574;-;169;-;476;700;1,329;53;-25;347.8;2008-11-09
2008-12-31;451;-282;169;-69;38;-;690;979;231;610;2,342;-;141;-;568;695;1,355;-1;-18;347.8;2009-02-16
2009-03-31;368;-230;138;24;30;-;693;930;245;647;2,338;-;145;-;439;679;1,225;44;-16;353.60;2009-05-10
2009-06-30;415;-250;165;25;29;-;663;912;243;640;2,264;-;140;-;438;558;1,11;126;-20;353.60;2009-08-23
2009-09-30;412;-258;154;72;24;-;700;930;255;658;2,33;-;147;-;448;480;1,049;89;-16;353.60;2009-11-09
2009-12-31;450;-234;215;62;21;-;735;1,024;258;669;2,458;-;294;-;310;617;1,082;12;-22;353.60;2010-02-16
2010-03-31;426;-209;217;77;29;-;745;1,034;265;699;2,535;-;321;-;562;224;1,009;99;-25;357.49;2010-05-10
2010-06-30;450;-270;180;79;34;-;797;1,101;267;728;2,667;-;49;-;331;573;1,147;112;-33;357.49;2010-08-23
2010-09-30;457;-195;262;84;34;-;910;1,22;265;697;2,754;-;56;-;405;623;1,306;76;-29;357.49;2010-11-09
2010-12-31;574;-289;285;133;41;-;1,034;1,417;271;716;3,021;-;55;-;391;656;1,416;34;-36;357.49;2011-02-16
2011-03-31;504;-264;240;41;48;291;967;1,306;270;700;2,913;-;53;-;309;590;1,299;131;-34;358.10;2011-05-10
2011-06-30;562;-367;194;88;71;-;857;1,209;270;713;2,811;-;137;-;452;676;1,491;206;-37;358.10;2011-08-23
2011-09-30;469;-308;161;2;50;270;908;1,229;274;721;2,849;-;106;-;476;727;1,511;35;-24;358.10;2011-11-09
2011-12-31;536;-332;204;13;36;326;914;1,276;277;737;2,946;-;20;-;376;852;1,554;-13;-41;358.10;2012-02-16
2012-03-31;503;-287;217;53;33;303;895;1,231;281;736;2,903;-;21;-;322;793;1,459;75;-19;393.0;2012-05-10
2012-06-30;524;-350;174;-17;42;289;849;1,18;283;753;2,875;-;36;-;370;693;1,423;121;-23;393.0;2012-08-23
2012-09-30;492;-318;174;-20;37;292;915;1,244;288;761;2,965;-;43;-;462;674;1,517;33;-24;393.0;2012-11-09
2012-12-31;550;-347;203;39;46;324;112;1,327;288;756;3,177;-;-;51;454;727;1,594;-21;-32;393.0;2013-02-16
2013-03-31;505;-266;239;101;55;306;102;1,367;284;749;3,325;-;-;40;356;859;1,658;47;-55;377.9;2013-05-10
2013-06-30;580;-285;295;12;109;314;96;1,412;273;720;3,324;-;-;34;456;817;1,754;149;-60;377.9;2013-08-23
2013-09-30;542;-262;281;48;92;371;154;1,621;295;762;3,701;-;-;273;778;790;2,128;70;-58;377.9;2013-11-09
2013-12-31;817;-458;359;146;53;383;210;1,939;285;747;4,045;268;-;82;616;925;2,088;-6;-79;377.9;2014-02-16
2014-03-31;628;-326;303;71;108;398;214;1,848;287;748;3,982;-;-;35;517;984;1,996;136;-45;486.5;2014-05-10
2014-06-30;800;-432;368;-41;145;419;229;1,762;283;746;3,772;-;-;2;536;976;2,05;171;-45;486.5;2014-08-23
2014-09-30;751;-411;340;27;90;425;251;1,828;290;777;3,919;-;-;1;580;980;2,171;106;-68;486.5;2014-11-09
2014-12-31;874;-467;406;31;157;374;268;2,038;269;745;4,12;-;-;1;633;1,189;2,482;59;-53;486.5;2015-02-16
2015-03-31;737;-404;333;40;72;570;278;2,059;259;774;4,196;-;-;0;616;1,071;2,301;62;-60;440.9;2015-05-10
2015-06-30;767;-429;338;4;63;476;281;1,821;274;777;3,988;-;-;12;555;926;1,958;85;-51;440.9;2015-08-23
2015-09-30;748;-425;322;23;72;508;261;1,873;261;742;3,955;-;-;13;626;976;2,075;64;-44;440.9;2015-11-09
2015-12-31;861;-512;349;92;72;409;278;2,059;259;774;4,196;-;-;0;616;1,071;2,301;23;-60;440.9;2016-02-16
2016-03-31;805;-443;362;128;95;599;269;2,129;262;766;4,254;-;-;0;592;1,055;2,302;150;-41;450.1;2016-05-10
2016-06-30;832;-426;406;43;90;491;276;2,058;264;777;4,198;-;-;0;623;923;2,278;213;-51;450.1;2016-08-23
2016-09-30;849;-425;424;158;66;540;271;2,24;271;787;4,443;-;-;0;709;947;2,476;167;-50;450.1;2016-11-09
2016-12-31;1,025;-488;536;211;104;498;248;2,551;268;797;4,81;-;-;0;843;993;2,742;163;-70;450.1;2017-02-16
2017-03-31;894;-407;487;217;93;516;245;2,206;267;795;4,491;-;-;136;835;799;2,34;248;-57;475.5;2017-05-10
2017-06-30;883;-400;483;66;66;439;261;2,044;260;758;4,244;-;-;130;742;487;1,713;162;-69;475.5;2017-08-23
2017-09-30;866;-381;485;151;86;504;272;2,241;262;757;4,489;-;-;133;828;617;1,966;133;-58;475.5;2017-11-09
2017-12-31;1,007;-500;507;28;72;478;307;2,163;256;641;4,33;-;-;130;800;773;2,016;90;-70;475.5;2018-02-16
2018-03-31;862;-406;456;179;88;510;328;2,214;255;653;4,416;-;-;1;636;944;2,074;192;-79;493.9;2018-05-10
2018-06-30;886;-425;461;173;66;517;313;2,31;255;714;4,588;-;-;0;639;1,017;2,181;113;-71;493.9;2018-08-23
2018-09-30;990;-471;520;54;81;582;323;2,507;288;802;4,976;-;-;60;761;1,239;2,629;209;-119;493.9;2018-11-09
2018-12-31;1,073;-511;562;162;105;637;286;2,587;289;808;5,145;-;-;0;699;1,143;2,268;108;-78;493.9;2019-02-16
2019-03-31;980;-444;536;194;90;581;336;2,593;291;820;5,564;-;-;112;793;1,104;2,58;266;-66;516.4;2019-05-10
2019-06-30;1,02;-462;558;140;88;586;323;2,602;293;820;5,573;-;-;111;735;1,195;2,617;156;-73;516.4;2019-08-23
2019-09-30;1,021;-508;513;-61;101;605;373;2,542;317;888;5,692;-;-;125;860;1,331;2,874;188;-61;516.4;2019-11-09
2019-12-31;1,115;-568;547;203;129;658;321;2,63;318;883;5,84;-;-;127;776;1,466;2,948;150;-93;516.4;2020-02-16
2020-03-31;885;-427;458;-78;100;490;306;2,289;314;891;5,499;-;-;118;744;1,457;2,876;226;-75;517.1;2020-05-10
2020-06-30;911;-453;458;54;104;494;414;2,351;315;889;5,648;-;-;138;764;1,484;2,991;108;-62;517.1;2020-08-23
2020-09-30;957;-512;445;95;98;515;389;2,41;314;907;5,78;-;-;148;731;1,557;3,06;43;-81;517.1;2020-11-09
2020-12-31;1,008;-579;429;48;100;598;334;2,449;313;897;5,846;-;-;153;720;1,566;3,084;126;-98;517.1;2021-02-16
2021-03-31;1,023;-532;491;234;91;658;350;2,548;315;935;5,997;-;-;172;754;1,365;2,947;216;-36;517.1;2021-05-10
2021-06-30;997;-495;502;127;82;568;354;2,477;316;933;5,939;-;-;186;756;1,233;2,819;289;-56;517.1;2021-08-23
2021-09-30;1,034;-544;489;23;86;545;370;2,457;316;934;5,86;-;-;171;800;1,235;2,809;202;-45;517.1;2021-11-09
2021-12-31;1,149;-620;528;104;102;702;384;2,718;321;946;6,26;-;-;183;973;1,359;3,131;127;-107;517.1;2022-02-16
2022-03-31;1,097;-500;597;205;96;-;391;2,812;322;952;6,335;-;-;178;998;1,273;3,065;263;-43;517.1;2022-05-10
2022-06-30;1,232;-521;711;353;134;-;490;3,186;323;987;6,753;-;-;373;1,225;1,171;3,219;207;-69;517.1;2022-08-23
2022-09-30;1,253;-630;623;76;60;-;605;3,184;322;1,008;6,796;-;-;362;1,288;1,214;3,287;145;-90;517.1;2022-11-09
2022-12-31;1,36;-697;662;152;179;-;604;3,489;371;1,224;7,531;-;-;385;1,488;1,726;4,024;30;-134;517.1;2023-02-16
2023-03-31;1,363;-641;723;281;119;-;592;3,415;367;1,228;7,47;-;-;398;1,261;1,528;3,809;394;-91;517.1;2023-05-10
2023-06-30;1,36;-663;698;-123;126;-;607;3,401;368;1,227;7,507;-;-;194;1,031;1,758;4,046;234;-98;517.1;2023-08-23
2023-09-30;1,356;-726;629;112;140;-;653;3,528;368;1,233;7,694;-;-;197;1,264;1,807;4,204;208;-77;517.1;2023-11-09
2023-12-31;1,427;-708;718;169;303;-;605;3,98;368;1,246;8,239;-;-;175;1,265;2,093;4,646;156;-130;517.1;2024-02-16
2024-03-31;1,327;-701;626;170;168;-;590;3,71;368;1,218;8,051;-;-;181;1,229;1,793;4,193;215;-71;517.1;2024-05-06