date;revenue;cogs;gross_profit;net_profit;cash;acc_rec;inventory;curr_assets;goodwill;intangible_assets;total_assets;acc_pay;short_term_debt;current_debt;curr_liab;long_term_debt;total_liab;cash_from_operating_activities;capex;shares;real_date
2010-12-31;4055;-3854;201;70;152;2,471;2,224;4,847;558;38;8,071;-;-;2;1,923;563;6036;508;-145;133.7;2011-02-09
2011-03-31;3441;-3454;-13;-70;174;2,569;2,338;5,081;589;77;8,373;-;-;2;2,086;915;6,449;-204;-81;133.7;2011-05-10
2011-06-30;4315;-4159;156;274;176;3,194;3,587;6,957;543;37;9,993;-;-;1;2,508;1,32;8,16;-556;-184;133.7;2011-08-14
2011-09-30;4539;-4256;283;199;200;3,766;3,63;7,596;545;37;10,635;-;-;1;2,7;1,523;8,653;-546;-268;133.7;2011-11-09
2011-12-31;5432;-5128;304;257;276;2,641;3,526;6,857;546;34;9,925;-;-;2;3,241;803;7630;344;-313;133.7;2012-02-09
2012-03-31;4036;-4090;-54;-74;177;2,707;3,751;6,635;543;34;9,853;-;-;102;2,547;1,275;7,706;-269;-31;133.7;2012-05-10
2012-06-30;4971;-4774;197;102;261;3,436;4,115;7,812;589;59;11,169;-;-;1;2,685;2,167;9,72;-320;-154;133.7;2012-08-14
2012-09-30;5259;-4961;298;179;178;4,649;4,122;8,949;617;58;12,381;-;-;14;3,104;2,488;10,774;-606;-265;133.7;2012-11-09
2012-12-31;5574;-5209;365;249;206;2,914;3,954;7,55;631;46;11,185;-;-;218;3,837;1,856;9,067;-393;-340;133.7;2013-02-09
2013-03-31;4234;-4247;-13;-59;139;3,413;3,823;7,375;641;46;11,01;-;-;617;7,252;1,198;8,922;206;-35;133.7;2013-05-10
2013-06-30;5453;-5305;148;73;118;4,247;3,858;8,223;646;45;11,919;-;-;716;8,061;1,505;10,087;216;-110;133.7;2013-08-14
2013-09-30;5511;-5112;399;268;120;4,631;4,016;8,767;656;56;12,578;-;-;713;8,209;1,673;10,433;-115;-17;133.7;2013-11-09
2013-12-31;6582;-6168;414;273;764;3,174;3,456;7,676;775;104;11,666;-;-;672;7,802;803;9,262;1648;-137;133.7;2014-02-09
2014-03-31;5306;-5218;88;31;219;3,355;3,182;7,405;762;101;11,416;-;-;472;7,252;1,094;9,007;234;-72;133.7;2014-05-10
2014-06-30;6218;-5957;261;199;213;3,937;2,863;7,663;784;97;11,94;-;-;468;7,511;1,513;9,787;399;-229;133.7;2014-08-14
2014-09-30;5784;-5394;390;295;728;4,126;2,952;8,455;768;92;12,759;-;-;465;7,775;1,826;10,341;674;-307;133.7;2014-11-09
2014-12-31;6718;-6290;428;334;435;4,068;3,052;7,966;804;110;12,382;-;-;55;7,967;823;9,709;1746;-404;133.7;2015-02-09
2015-03-31;4967;-4951;16;-10;312;4,068;3,204;8,001;792;121;12,451;-;-;441;8,098;822;9,828;-351;-86;133.7;2015-05-10
2015-06-30;6339;-5992;347;230;317;5,193;2,998;8,928;799;110;13,349;-;-;1,194;9,248;826;10,952;-494;-160;133.7;2015-08-14
2015-09-30;5548;-5177;371;242;322;5,782;3,696;10,207;913;110;14,946;-;-;1,14;10,552;830;12,244;-274;-236;133.7;2015-11-09
2015-12-31;7370;-6920;450;321;402;5,171;3,665;9,238;1,151;104;14,788;-;-;43;9,26;1,267;11,715;771;-463;133.7;2016-02-09
2016-03-31;5489;-5554;-65;-91;402;5,453;4,212;10,067;1,183;113;15,399;-;-;44;9,479;1,788;12,477;-531;-153;133.7;2016-05-10
2016-06-30;7955;-7494;461;334;415;6,405;4,28;11,101;1,216;132;16,692;-;-;113;10,691;2,129;14,037;20;-358;133.7;2016-08-14
2016-09-30;7045;-6467;578;419;337;6,523;4,534;11,394;1,244;128;17,091;-;-;67;11,203;1,744;14,082;558;-494;133.7;2016-11-09
2016-12-31;8124;-7769;355;261;644;5,495;5,332;11,47;1,248;136;17,445;-;-;44;12,005;962;14,159;1880;-659;133.7;2017-02-09
2017-03-31;6438;-6383;55;-3;298;5,638;3,26;9,196;1,254;132;15,401;-;-;199;9,273;1,43;11,839;-784;-130;133.7;2017-05-10
2017-06-30;8205;-7765;440;316;412;6,662;3,713;10,788;1,272;147;16,759;-;-;1,195;11,741;570;13,42;-113;-307;133.7;2017-08-14
2017-09-30;7799;-7276;523;412;317;6,928;4,016;11,262;1,314;146;17,332;-;-;1,288;11,709;870;13,686;-420;-518;133.7;2017-11-09
2017-12-31;8734;-8276;458;479;392;5,695;4,459;10,546;1,401;129;17,028;-;-;760;11,122;613;12,83;702;-615;133.7;2018-02-09
2018-03-31;7023;-6965;58;-57;476;6,026;4,548;11,051;1,449;120;17,586;-;-;758;10,894;1,542;13,733;-567;-155;133.7;2018-05-10
2018-06-30;9465;-9531;-66;-135;583;7,213;4,379;12,174;1,702;132;19,234;-;-;25;11,574;3,243;16,347;-73;-478;133.7;2018-08-14
2018-09-30;8684;-8133;551;448;434;7,003;4,36;11,798;1,714;117;18,821;-;-;23;11,483;2,452;15,462;792;-659;133.7;2018-11-09
2018-12-31;10495;-10027;468;-104;197;6,527;4,873;11,597;1,807;149;18,835;-;-;36;11,744;1,848;14,877;1400;-938;133.7;2019-02-09
2019-03-31;8076;-7990;86;-100;194;6,377;6,924;13,494;1,774;150;21,438;-;-;890;12,293;3,79;17,996;-385;-113;133.7;2019-05-10
2019-06-30;9502;-8971;531;440;220;7,765;7,169;15,153;1,768;158;22,945;-;-;1,941;14,218;3,601;19,798;-166;-233;133.7;2019-08-14
2019-09-30;8952;-8300;652;350;229;7,974;7,438;15,641;1,777;165;23,357;-;-;1,959;13,393;4,188;19,815;-488;-110;133.7;2019-11-09
2019-12-31;10039;-9774;265;91;241;5,683;597;6,522;1,79;94;21,985;-;-;12;10,52;3,107;18,178;2157;-150;133.7;2020-02-09
2020-03-31;8443;-8331;112;-128;725;5,769;692;7,186;1,852;87;22,839;-;-;11;10,848;3,544;18,959;132;-124;134.9;2020-05-10
2020-06-30;9890;-9341;549;442;101;6,26;697;7,058;1,841;81;22,838;-;-;9;11,598;2,386;18,574;923;-299;134.9;2020-08-14
2020-09-30;9534;-8691;843;477;6,142;6,961;724;13,827;1,837;80;20,211;-;-;24;11,732;768;14,528;616;-112;134.9;2020-11-09
2020-12-31;10274;-9660;614;290;3,219;6,432;612;11,089;1,824;130;17,541;-;-;29;11,633;798;14,689;864;-271;134.9;2021-02-09
2021-03-31;8311;-8067;244;22;2,904;6,263;579;10,284;1,758;106;16,546;-;-;26;10,776;788;13,75;-185;-93;134.9;2021-05-10
2021-06-30;9810;-9191;619;303;2,667;7,062;608;10,876;1,798;114;17,168;-;-;45;11,809;810;14,889;739;-46;134.9;2021-08-14
2021-09-30;9295;-8527;768;408;3,34;6,791;637;11,307;1,792;105;17,579;-;-;14;11,732;794;14,892;784;-78;134.9;2021-11-09
2021-12-31;10176;-9527;649;296;3,814;6,05;590;10,992;1,758;150;17,315;-;-;13;11,153;762;14,467;856;-256;134.9;2022-02-09
2022-03-31;8369;-8177;192;-43;3,143;5,836;624;10,128;1,729;153;16,5;-;-;16;10,827;395;13,714;1;-79;134.9;2022-05-10
2022-06-30;9902;-9301;601;275;1,866;7,434;737;10,549;1,786;147;16,996;-;-;15;12,465;368;14,859;27;-145;134.9;2022-08-14
2022-09-30;9550;-8764;786;422;2,174;8,106;690;11,482;1,794;149;17,881;-;-;13;12,797;355;15,305;474;-115;134.9;2022-11-09
2022-12-31;10837;-10007;830;504;2,714;6,867;639;10,743;2,016;137;17,644;-;-;14;12,336;387;14,671;907;-90;134.9;2023-02-09
2023-03-31;9461;-9384;77;-115;2,292;6,927;668;10,416;2,08;225;17,552;-;-;4;12,197;345;14,629;320;-113;134.9;2023-05-10
2023-06-30;11165;-10526;639;302;1,127;7,436;699;9,583;2,084;224;16,8;-;-;-;12,217;332;14,671;179;-222;134.9;2023-08-14
2023-09-30;10387;-9524;863;469;1,409;8,649;696;11,08;2,067;210;18,253;-;-;-;13,387;295;15,752;588;-152;134.9;2023-11-09
2023-12-31;12134;-11281;853;495;2,063;7,166;740;10,894;2,088;200;18,212;-;-;2;12,733;506;15,159;1,852;-181;134.9;2024-02-09