date;revenue;cogs;gross_profit;net_profit;cash;acc_rec;inventory;curr_assets;goodwill;intangible_assets;total_assets;acc_pay;short_term_debt;current_debt;curr_liab;long_term_debt;total_liab;cash_from_operating_activities;capex;shares;real_date
2012-03-31;159;-18;141;89;236;-;-;417;-;6;3,148;-;-;-;209;1,367;1,864;-114;298;222.0;2012-05-05
2012-06-30;160;-20;140;70;256;-;-;407;-;6;3,217;-;-;-;205;1,399;1,888;110;-73;222.0;2012-08-14
2012-09-30;168;-20;148;214;483;-;-;648;-;6;3,507;-;-;-;221;1,446;1,964;83;-49;222.0;2012-11-04
2012-12-31;138;-20;118;38;344;-;-;511;-;6;3,407;-;-;-;161;1,417;1,863;27;1;222.0;2013-02-14
2013-03-31;125;-22;103;55;320;-;-;503;-;6;3,393;-;-;-;146;1,377;1,797;-245;213;222.0;2013-05-05
2013-06-30;137;-20;117;91;181;-;-;447;-;6;3,362;-;-;-;137;1,446;1,824;79;-20;222.0;2013-08-14
2013-09-30;130;-20;110;60;197;-;-;472;-;6;3,408;-;-;-;137;1,438;1,808;35;-;222.0;2013-11-04
2013-12-31;115;-19;96;66;157;-;-;436;-;6;3,388;-;-;-;229;1,32;1,756;56;-19;222.0;2014-02-14
2014-03-31;106;-20;86;31;162;-;-;478;-;6;3,419;-;-;-;230;1,308;1,75;-157;39;222.0;2014-05-05
2014-06-30;110;-16;94;25;189;-;-;484;-;6;3,451;-;-;-;259;1,308;1,793;69;-13;222.0;2014-08-14
2014-09-30;117;-17;100;54;219;-;-;520;-;6;3,507;-;-;-;262;1,309;1,798;29;-9;222.0;2014-11-04
2014-12-31;104;-17;87;56;140;-;-;398;-;6;3,353;-;-;-;145;1,236;1,646;79;-5;222.0;2015-02-14
2015-03-31;110;-17;93;56;176;-;-;469;-;6;3,464;-;-;-;176;1,231;1,703;-175;-33;222.0;2015-05-05
2015-06-30;119;-16;103;70;160;-;-;439;-;6;3,519;-;-;-;187;1,277;1,713;73;-73;222.0;2015-08-14
2015-09-30;-95;-17;-112;-213;132;-;-;402;-;6;3,302;-;-;-;201;1,239;1,714;35;-10;222.0;2015-11-04
2015-12-31;106;-14;92;82;108;-;-;373;-;6;3,299;-;-;-;285;1,135;1,644;46;-3;222.0;2016-02-14
2016-03-31;171;-15;156;104;87;-;-;403;-;6;3,38;-;-;-;270;1,125;1,618;39;-13;222.0;2016-05-05
2016-06-30;81;-15;66;392;150;-;-;427;-;6;3,186;-;-;-;300;1,245;1,756;116;-129;222.0;2016-08-14
2016-09-30;74;-16;58;24;150;-;-;428;-;6;3,207;-;-;-;301;1,259;1,752;26;-5;222.0;2016-11-04
2016-12-31;50;-15;35;-20;81;-;-;305;-;6;3,013;-;-;-;204;1,205;1,578;30;-2;222.0;2017-02-14
2017-03-31;59;-;59;25;121;-;-;287;-;6;2,946;-;-;-;166;1,155;1,484;21;-;423.11;2017-05-05
2017-06-30;974;-;974;-20;755;393;-;1,344;379;305;7,739;191;-;-;1,301;3,424;5,284;172;-48;423.11;2017-08-14
2017-09-30;958;-;958;55;820;-;-;1,44;-;645;7,65;-;-;-;1,414;3,205;5,166;123;-18;423.11;2017-11-04
2017-12-31;1,033;-;1,033;85;796;-;-;1,487;332;391;7,863;-;-;-;1,458;3,103;5,241;146;-17;423.11;2018-02-14
2018-03-31;968;-;968;-30;649;503;-;1,41;-;711;7,711;232;-;717;1,621;2,908;5,116;102;-50;423.11;2018-05-05
2018-06-30;1,044;-;1,044;23;517;499;-;1,272;-;695;7,519;219;-;672;1,297;3,052;4,912;-87;-56;423.11;2018-08-14
2018-09-30;1,031;-;1,031;21;545;474;-;1,244;-;727;7,465;233;-;564;1,163;3,14;4,851;125;-26;423.11;2018-11-04
2018-12-31;1,022;-;1,022;-3;484;489;-;1,21;350;361;7,414;220;-;530;1,107;3,054;4,766;132;-39;423.11;2019-02-14
2019-03-31;1,018;-;1,018;23;555;544;-;1,332;346;347;8,28;203;-;562;1,128;3,875;5,613;144;-9;422.33;2019-05-05
2019-06-30;1,005;-;1,005;3;487;534;-;1,242;346;333;8,142;221;-;485;1,063;3,853;5,503;209;-56;422.33;2019-08-14
2019-09-30;955;-;955;36;513;482;-;1,237;346;319;8,015;235;-;493;1,154;3,644;5,348;243;-19;422.33;2019-11-04
2019-12-31;932;-;932;41;398;420;-;1,048;346;306;7,796;148;-;495;1,023;3,549;5,118;153;-61;422.33;2020-02-14
2020-03-31;834;-;834;-285;451;368;-;1,11;306;296;7,586;129;-;495;998;3,51;5,192;103;-18;422.36;2020-05-05
2020-06-30;606;-;606;-69;539;280;-;991;306;287;7,441;101;-;550;1,02;3,426;5,107;229;-17;422.36;2020-08-14
2020-09-30;697;-;697;5;600;314;-;1,106;306;276;7,537;113;-;569;1,034;3,468;5,199;145;-73;422.36;2020-11-04
2020-12-31;822;-;822;46;654;363;-;1,237;306;265;7,628;142;-;552;1,094;3,529;5,237;138;-27;422.36;2021-02-14
2021-03-31;838;-;838;-5;599;390;-;1,234;306;255;7,612;134;-;500;1,078;2,376;5,23;85;-10;422.40;2021-05-05
2021-06-30;978;-;978;17;566;428;-;1,241;306;246;7,602;142;-;618;1,227;2,213;5,206;145;-29;422.40;2021-08-14
2021-09-30;990;-;990;65;587;385;-;1,222;306;236;7,507;112;-;554;1,141;2,265;5,064;165;-29;422.40;2021-11-04
2021-12-31;1,078;-;1,078;97;710;457;-;1,479;230;225;7,794;154;-;753;1,395;2,158;5,256;228;-73;422.40;2022-02-14
2022-03-31;1,149;-;1,149;177;759;524;-;1,639;230;216;7,929;141;-;744;1,487;2,098;5,233;270;-17;422.45;2022-05-05
2022-06-30;1,19;-;1,19;126;821;570;-;1,77;230;207;8,051;103;-;1,378;2,12;1,456;5,323;155;-28;422.45;2022-08-14
2022-09-30;1,356;-;1,356;246;1,063;626;-;2,131;230;199;8,393;121;-;919;1,698;1,957;5,457;332;-20;422.45;2022-11-04
2022-12-31;1,35;-;1,35;246;1,216;605;-;2,151;201;194;8,394;112;-;633;1,226;2,2;5,241;539;-47;422.45;2023-02-14
2023-03-31;1,255;-;1,255;173;1,439;589;-;2,437;201;185;8,566;97;-;641;1,407;2,072;5,261;469;-28;422.69;2023-05-05
2023-06-30;1,302;-;1,302;332;1,346;606;-;2,292;201;178;8,376;73;-;873;1,595;1,766;5,132;378;-29;422.69;2023-08-14
2023-09-30;1,311;-;1,311;328;1,577;576;-;2,547;201;171;8,618;78;-;685;1,426;1,929;5,083;406;-28;422.69;2023-11-04
2023-12-31;1,281;-;1,281;134;1,705;616;-;2,69;201;159;8,642;103;-;719;1,423;1,897;4,999;518;-78;422.69;2024-02-14