date;revenue;cogs;gross_profit;net_profit;cash;acc_rec;inventory;curr_assets;goodwill;intangible_assets;total_assets;acc_pay;short_term_debt;current_debt;curr_liab;long_term_debt;total_liab;cash_from_operating_activities;capex;shares;real_date
2013-03-31;2,952;-1,358;1,594;-260;849;721;159;3,218;311;313;9,021;-;-;487;3,668;3,253;12,571;261;-114;284;2013-05-10
2013-06-30;3,057;-1,325;1,732;-23;790;697;165;3,272;311;314;9,238;-;-;389;3,724;3,397;12,769;411;-264;284;2013-08-09
2013-09-30;3,479;-1,487;1,992;299;812;696;151;3,467;311;312;9,481;-;-;439;3,362;3,713;12,599;-9;-240;284;2013-11-09
2013-12-31;2,894;-1,297;1,597;-6;750;589;136;3,288;311;304;9,47;-;-;374;3,19;3,959;10,93;68;-344;284;2014-02-24
2014-03-31;3,065;-1,214;1,851;-341;875;756;151;3,591;311;302;9,964;-;-;413;3,776;4,191;11,975;344;-310;293;2014-05-10
2014-06-30;3,305;-1,846;1,459;223;861;761;150;3,819;311;303;10,522;-;-;409;4,045;4,324;12,409;386;-422;293;2014-08-09
2014-09-30;3,798;-1,987;1,811;323;897;703;161;3,666;311;301;10,545;-;-;424;3,502;4,557;12,012;191;-383;293;2014-11-09
2014-12-31;3,104;-1,318;1,786;-100;661;656;163;3,478;311;305;10,648;-;-;484;3,537;4,732;11,849;33;-386;293;2015-02-24
2015-03-31;3,249;-1,047;2,202;-309;1,035;776;153;4,145;311;305;11,581;-;-;555;4,24;5,252;12,854;808;-425;292;2015-05-10
2015-06-30;3,414;-1,717;1,697;296;1,077;822;147;4,293;311;308;12,374;-;-;528;4,346;5,093;12,823;514;-210;292;2015-08-09
2015-09-30;4,023;-1,785;2,238;437;910;751;163;4,386;311;310;12,755;-;-;562;3,855;5,576;12,869;471;-566;292;2015-11-09
2015-12-31;3,182;-1,57;1,612;-116;572;654;182;4,125;311;314;13,127;-;-;524;3,829;5,87;13,114;232;-614;292;2016-02-24
2016-03-31;3,343;-1,542;1,801;101;908;758;163;4,282;311;312;13,503;-;-;457;4,538;5,991;14,235;974;-1,116;277;2016-05-10
2016-06-30;3,458;-1,675;1,783;186;882;815;170;4,454;311;311;14,539;-;-;549;4,95;6,401;15,212;658;-1,452;277;2016-08-09
2016-09-30;4,451;-1,939;2,512;768;1,017;760;172;4,724;311;312;14,85;-;-;627;4,363;6,35;14,689;438;-123;277;2016-11-09
2016-12-31;3,425;-1,74;1,685;-179;787;707;186;4,347;311;315;15,114;-;-;707;4,424;5,911;13,895;351;-230;277;2017-02-24
2017-03-31;3,642;-1,851;1,791;-13;1,27;785;190;4,921;311;312;15,864;-;-;825;5,261;5,959;14,939;1,027;-926;273;2017-05-10
2017-06-30;3,91;-1,935;1,975;311;1,299;871;173;5,38;311;309;16,658;-;-;871;5,684;5,894;15,461;829;-895;273;2017-08-09
2017-09-30;4,88;-2,124;2,756;1,723;1,146;789;182;5,486;311;313;17,421;-;-;769;5,017;5,56;14,354;493;-169;273;2017-11-09
2017-12-31;3,82;-1,98;1,84;8;642;814;206;5,397;311;318;17,782;-;-;671;5,101;5,448;14,36;389;-432;273;2018-02-24
2018-03-31;4,071;-1,858;2,213;-203;1,197;891;192;5,978;311;333;18,97;-;-;620;5,716;6,117;15,663;1,291;-973;276;2018-05-10
2018-06-30;4,333;-2,057;2,276;-102;856;976;209;6,574;311;350;20,137;-;-;441;5,916;6,567;16,23;1,081;-957;276;2018-08-09
2018-09-30;5,415;-2,395;3,02;702;852;960;226;6,594;311;371;19,777;-;-;432;5,221;6,246;15,227;550;-246;276;2018-11-09
2018-12-31;4,184;-2,055;2,129;-360;630;796;220;6,301;311;404;21,883;-;-;1,048;5,676;8,873;18,606;548;-260;276;2019-02-24
2019-03-31;4,434;-1,966;2,468;345;1,582;936;197;7,454;3,227;802;27,231;-;-;1,282;8,001;8,414;23,942;3,111;-920;272;2019-05-10
2019-06-30;4,738;-2,118;2,62;343;1,591;1,05;214;7,612;3,288;850;27,66;-;-;1,249;8,475;8,202;24,294;1,09;-553;272;2019-08-09
2019-09-30;5,553;-2,263;3,29;636;1,976;895;211;7,415;3,286;930;27,497;-;-;1,244;7,838;8,116;23,454;834;-301;272;2019-11-09
2019-12-31;4,368;-2,007;2,361;152;2,09;926;212;7,516;3,273;1,002;27,759;-;-;1,218;7,775;8,024;23,359;677;-251;272;2020-02-24
2020-03-31;3,722;-1,822;1,9;-1,049;2,588;567;213;7,278;3,273;1,053;28,336;-;-;1,043;6,428;9,65;24,075;-20;-373;282;2020-05-10
2020-06-30;527;-606;-79;-1,752;5,089;677;194;9,797;3,273;1,069;29,405;-;-;3,236;8,374;10,448;27,362;-1,251;-212;282;2020-08-09
2020-09-30;757;-529;228;-685;3,79;518;191;8,743;3,273;1,114;28,559;-;-;2,001;7,236;11,161;26,844;-286;-282;282;2020-11-09
2020-12-31;827;-691;136;-1,161;3,658;644;166;8,671;3,273;1,134;28,913;-;-;1,788;7,139;11,201;27,198;-796;-335;282;2021-02-24
2021-03-31;729;-643;86;-1,304;3,278;667;159;7,123;3,273;1,129;27,464;-;-;1,63;6,9;11,122;26,56;-888;-280;351;2021-05-10
2021-06-30;837;-668;169;-1,165;2,71;617;176;6,152;3,273;1,11;26,504;-;-;1,012;5,646;11,734;25,927;-1,377;-266;351;2021-08-09
2021-09-30;2,103;-1,103;1;-640;5,22;744;187;9,859;3,273;1,095;30,3;-;-;1,015;6,149;15,667;30,155;255;-149;351;2021-11-09
2021-12-31;2,731;-1,422;1,309;-493;4,248;691;224;10,053;3,273;1,08;30,614;-;-;1,012;6,924;15,511;30,605;447;-378;351;2022-02-24
2022-03-31;2,573;-1,275;1,298;-974;3,146;819;229;10,068;3,273;1,069;29,724;-;-;1,117;8,013;15,126;30,883;367;-276;358;2022-05-10
2022-06-30;3,981;-2,253;1,728;-386;2,76;1,072;301;10,57;3,273;1,068;30,364;-;-;1,164;9,201;15,4;31,822;1,064;-636;358;2022-08-09
2022-09-30;5,322;-2,509;2,813;-508;2,646;1,013;346;10,195;3,273;1,054;29,754;-;-;1,236;9,005;15,799;31,685;290;-333;358;2022-11-09
2022-12-31;4,68;-1,921;2,759;168;2,693;1,037;318;9,665;3,273;1,054;29,507;-;-;1,263;9,353;15,043;31,062;647;-327;358;2023-02-24
2023-03-31;4,887;-2,164;2,723;4;3,09;1,091;328;10,275;3,273;1,052;30,476;-;-;1,163;10,386;14,901;31,99;1,437;-450;376;2023-05-10
2023-06-30;5,427;-2,027;3,4;838;2,926;1,192;298;10,505;3,273;1,061;30,783;-;-;1,024;10,732;13,862;31,364;1,49;-525;376;2023-08-09
2023-09-30;6,344;-2,211;4,133;1,25;2,46;1,195;320;10,375;3,273;1,071;29,697;-;-;959;9,332;13,413;29,147;408;-273;376;2023-11-09
2023-12-31;5,175;-2,275;2,9;184;2,817;1,121;337;10,26;3,273;1,084;30,197;-;-;866;10,008;12,996;29,401;985;-316;376;2024-02-24