date;revenue;cogs;gross_profit;net_profit;cash;acc_rec;inventory;curr_assets;goodwill;intangible_assets;total_assets;acc_pay;short_term_debt;current_debt;curr_liab;long_term_debt;total_liab;cash_from_operating_activities;capex;shares;real_date
2000-04-01;2,239;-1,999;240;101;486;446;4,018;10,315;-;-;11,847;-;1,744;-;5,635;3,264;9,528;-399;-67;27.36;2000-05-06
2000-07-01;2,309;-2,052;257;171;394;312;4,477;10,699;-;-;12,269;-;1,832;-;5,629;3,674;10,004;-148;-56;54.72;2000-08-05
2000-10-01;2,584;-2,309;275;151;352;596;4,562;10,825;-;-;12,404;-;1,633;-;5,483;3,839;10,07;-71;-89;54.72;2000-11-05
2001-01-01;3,65;-3,275;375;229;917;568;4,282;11,756;-;-;13,622;-;1,69;-;5,962;4,093;11,077;1,222;-68;54.72;2001-03-02
2001-04-01;2,58;-2,299;281;156;389;505;4,798;11,859;-;-;14,508;-;2,134;-;6,13;4,684;11,871;-451;-73;54.76;2001-05-06
2001-07-01;3,204;-2,854;351;188;432;1,366;5,556;14,109;1,642;-;18,632;-;2,547;-;8,81;5,672;15,874;-611;-169;54.76;2001-08-05
2001-10-01;3,197;-2,874;323;-236;165;1,318;5,772;12,606;1,707;-;17,67;-;2,617;-;9,133;4,693;15,191;-236;-148;54.76;2001-11-05
2002-01-01;4,992;-4,71;282;-79;292;1,199;3,895;10,576;1,711;-;17,179;-;1,915;-;9,072;4,955;15,075;1,077;-371;54.76;2002-03-02
2002-04-01;3,191;-2,895;296;113;446;1,375;6,283;13,353;1,788;-;18,537;-;2,001;-;8,848;5,524;15,71;-407;-85;55.6;2002-05-06
2002-07-01;3,417;-3,097;319;28;346;1,357;6,929;14,702;1,946;-;20,267;-;2,392;-;9,569;6,41;17,348;-90;-105;55.6;2002-08-05
2002-10-01;3,13;-2,863;267;82;1,002;1,346;6,651;15,406;1,965;-;20,908;-;3,108;-;10,044;6,414;17,889;411;-96;55.6;2002-11-05
2003-01-01;3,813;-2,714;1,099;-682;667;1,485;3,461;12,119;2,133;-;19,147;-;1,686;-;4,952;5,868;17,345;1,331;-175;55.6;2003-03-02
2003-04-01;3,335;-3,065;269;55;869;1,751;4,001;12,181;2,231;-;19,575;-;1,772;-;9,722;5,752;16,928;-1,237;-124;55.2;2003-05-06
2003-07-01;3,841;-3,563;279;70;499;1,642;4,15;11,173;2,228;-;18,902;-;1,372;-;9,162;5,591;16,208;-131;-46;55.2;2003-08-05
2003-10-01;3,485;-3,205;280;127;283;1,705;4,303;11,214;2,299;-;19,312;-;1,143;-;9,141;5,686;16,479;174;-74;55.2;2003-11-05
2004-01-01;4,882;-3,457;1,425;-418;1,223;1,841;4,346;11,477;2,294;-;19,308;-;233;-;3,856;6,097;16,853;607;-58;55.2;2004-03-01
2004-04-01;3,497;-3,207;290;-182;1,732;1,67;4,123;11,442;2,244;-;19,446;-;394;-;3,661;6,772;17,249;-286;-64;66.84;2004-05-06
2004-07-01;3,847;-3,387;460;20;2,241;1,803;4,147;11,635;2,263;-;19,373;-;232;-;3,524;6,794;17,193;254;-50;66.84;2004-08-05
2004-10-01;3,607;-3,129;478;8;2,009;1,748;4,283;11,78;2,38;-;19,628;-;135;-;3,389;6,845;17,387;-39;-124;66.84;2004-11-05
2005-01-01;4,595;-4,031;564;32;2,344;1,513;4,013;12,243;2,357;-;20,13;-;-;-;3,419;5,716;17,832;839;-67;66.84;2005-03-02
2005-04-01;3,757;-3,277;480;41;2,133;1,628;4,191;12,028;2,346;-;20,077;-;-;-;3,225;5,683;17,728;-129;-65;70;2005-05-06
2005-07-01;3,633;-3,125;508;10;2,306;1,781;4,128;10,037;2,209;-;17,739;-;-;-;3,037;5,173;15,358;-708;-74;70;2005-08-05
2005-10-01;3,301;-2,842;459;-1;2,479;1,631;4,112;9,832;2,173;-;17,041;-;-;-;2,822;4,956;14,704;361;-46;70;2005-11-05
2006-01-01;4,035;-3,475;560;85;2,917;1,684;3,805;10,1;2,142;-;17,482;-;-;-;3,393;4,747;15,057;790;-144;70;2006-03-02
2006-04-01;3,539;-3,05;489;21;2,152;1,767;4,217;9,877;2,212;-;17,4;-;-;-;3,514;4,489;14,906;-386;-110;69.92;2006-05-06
2006-07-01;3,523;-2,997;526;57;1,794;1,968;4,001;8,965;2,247;-;16,476;1,9;-;-;6,765;3,867;13,901;203;-54;69.92;2006-08-05
2006-10-01;3,402;-2,854;548;53;1,681;1,89;4,485;9,213;2,252;-;16,809;-;-;-;3,556;3,891;14,164;-52;-68;69.92;2006-11-05
2007-01-01;4,418;-3,766;652;112;2,648;1,789;3,961;9,44;2,286;-;18,577;-;-;-;3,925;5,08;15,844;1,189;-76;69.92;2007-03-02
2007-04-01;3,967;-3,302;665;79;2,481;2,026;4,202;9,828;2,379;-;19,502;-;-;-;4,442;5,144;16,652;-134;-41;69.76;2007-05-06
2007-07-01;4,041;-3,351;690;-71;2,998;1,871;3,777;9,514;2,358;-;19,155;-;-;-;4,613;5,079;16,401;676;-46;69.76;2007-08-05
2007-10-01;4,228;-3,525;703;93;3,634;1,946;3,876;10,253;2,468;-;20,573;-;-;-;5,061;5,304;17,502;695;-137;69.76;2007-11-05
2008-01-01;5,27;-4,429;841;224;3,602;1,998;5,092;11,558;2,533;1,451;22,12;2,079;-;-;14,333;4,393;19,002;1,143;-248;69.76;2008-03-01
2008-04-01;4,789;-3,946;843;229;4,295;2,094;5,048;12,365;2,632;-;23,323;2,135;-;-;15,302;4,419;20,122;641;-103;70.24;2008-05-06
2008-07-01;4,932;-3,996;936;259;4,277;2,247;5,291;12,73;2,63;-;23,428;2,181;-;-;15,315;4,363;20,136;204;-126;70.24;2008-08-05
2008-10-01;4,571;-3,694;877;226;3,251;2,007;5,558;11,684;2,1;-;21,252;2,144;-;-;13,961;3,883;18,826;-68;-161;70.24;2008-11-05
2009-01-01;5,429;-4,413;1,016;312;3,47;1,981;5,522;11,648;2,01;1,399;21,306;2,243;-;-;13,55;3,952;18,762;132;-231;70.24;2009-03-02
2009-04-01;4,471;-3,733;738;158;2,687;2,151;5,955;11,486;2,103;1,484;21,206;2,11;-;-;13,442;4,041;18,387;-663;-169;70.16;2009-05-06
2009-07-01;4,946;-4,155;791;202;2,804;1,878;6,148;11,513;2,298;1,566;21,624;2,487;-;-;13,465;4,21;18,207;173;-162;70.16;2009-08-05
2009-10-01;4,597;-3,825;772;168;3,02;1,974;6,103;11,774;2,369;1,607;22,116;2,512;-;-;13,631;4,301;18,478;258;-189;70.16;2009-11-05
2010-01-01;5,352;-4,489;863;179;3,372;1,897;5,268;11,189;2,247;1,696;21,273;2,311;-;-;12,848;4,162;17,572;784;-285;70.16;2010-03-02
2010-04-01;4,264;-3,573;691;195;3,531;2,038;5,396;11,687;2,193;1,839;21,809;2,374;-;-;12,834;4,543;18,011;29;-258;70.2;2010-05-06
2010-07-01;4,045;-3,404;641;138;2,776;1,861;5,544;10,98;2,23;1,988;21,549;2,128;-;-;12,371;4,633;17,73;-276;-290;70.2;2010-08-05
2010-10-01;3,997;-3,342;655;147;2,725;1,972;5,777;11,354;2,351;2,138;22,244;2,241;-;-;12,791;4,824;18,153;146;-254;70.2;2010-11-05
2011-01-01;5,586;-4,636;950;295;4,195;1,377;7,307;14,232;2,358;2,088;24,092;-;-;-;12,704;4,645;22,638;1,793;-344;70.2;2011-03-02
2011-04-01;4,661;-3,925;736;220;3,856;1,501;7,85;14,631;2,524;2,321;25,085;-;-;28;13,113;4,892;23,374;-108;-302;69.72;2011-05-06
2011-07-01;4,747;-4,032;715;211;3,226;1,558;8,078;14,245;2,427;2,599;24,191;-;-;185;12,518;4,793;22,911;-677;-398;69.72;2011-08-05
2011-10-01;4,623;-3,886;737;192;2,708;1,509;8,348;13,799;2,398;2,886;24,27;-;-;189;12,228;4,88;23,275;47;-393;69.72;2011-11-05
2011-12-31;4,316;-3,597;719;214;3,372;1,408;7,398;13,263;2,253;3,168;23,864;-;-;193;11,955;4,748;23,225;981;-407;69.72;2012-02-29
2012-03-31;3,481;-2,906;575;155;3,183;1,381;8,413;14,04;2,333;3,492;25,069;-;-;198;12,112;5,306;23,926;-312;-415;69.48;2012-05-05
2012-06-30;4,097;-3,483;614;147;2,479;1,301;8,33;13,079;2,219;3,871;24,319;-;-;47;11,305;5,243;23,624;-107;-501;69.48;2012-08-04
2012-09-30;4,211;-3,612;599;172;2,146;1,41;8,346;12,987;2,297;4,301;24,896;-;-;46;11,648;5,342;23,705;375;-572;69.48;2012-11-04
2012-12-31;4,625;-4,052;573;-4;2,557;1,311;7,54;12,531;2,316;4,77;25,175;2,398;-;45;11,793;5,36;23,964;1,482;-637;69.68;2013-03-01
2013-03-31;4,339;-3,723;616;148;3,733;1,351;8,068;14,349;2,243;5,179;27,403;-;-;41;12,123;7,216;25,988;-76;-528;69.64;2013-05-05
2013-06-30;4,43;-3,758;672;180;3,101;1,429;8,446;14,391;2,255;5,679;27,891;-;-;49;12,237;7,132;26,076;-16;-576;69.64;2013-08-04
2013-09-30;4,058;-3,479;579;147;2,59;1,48;8,782;14,741;2,345;6,158;28,63;-;-;216;12,782;7,024;26,501;74;-612;69.64;2013-11-04
2013-12-31;5,324;-4,698;626;97;3,397;1,492;8,234;14,641;2,381;6,606;29,363;2,959;-;215;13,786;6,988;26,937;1,398;-641;69.64;2014-03-01
2014-03-31;4,354;-3,761;593;115;2,488;1,69;8,713;14,48;2,381;7,004;29,682;-;-;215;13,954;7,057;27,455;-415;-509;69.68;2014-05-05
2014-06-30;4,891;-4,233;658;155;2,476;1,637;8,909;14,492;2,368;7,434;30,008;-;-;51;13,609;7,725;27,713;101;-531;69.68;2014-08-04
2014-09-30;4,906;-4,226;680;74;1,935;1,637;8,773;13,828;2,226;7,756;29,37;-;-;50;13,031;7,619;27,46;76;-444;69.68;2014-11-04
2014-12-31;5,96;-5,314;646;-1,59;1,693;1,414;7,97;13,119;2,127;6,823;27,614;3,037;-;56;13,435;7,378;27,572;1,085;-498;69.68;2015-03-01
2015-03-31;4,397;-3,831;566;100;4,733;1,129;7,919;15,001;1,981;7,125;29,647;-;-;807;13,311;9,046;29,1;-366;-383;83.28;2015-05-05
2015-06-30;4,62;-4,031;589;125;3,105;1,3;8,07;13,647;2,048;7,476;28,784;-;-;73;12,137;8,939;27,341;-369;-446;83.28;2015-08-04
2015-09-30;4,138;-3,721;417;-4,888;2,344;1,248;8,056;12,867;2,017;3,907;23,863;-;-;69;11,791;9,029;27,538;-315;-502;83.28;2015-11-04
2015-12-31;5,017;-4,616;401;-677;1,974;1,336;6,978;12,105;1,978;3,975;22,903;2,812;-;71;11,823;8,717;26,97;1,07;-548;83.28;2016-02-29
2016-03-31;3,914;-3,488;426;-138;3,359;1,272;7,167;12,743;2,023;4,202;23,667;-;-;73;11,401;8,978;28,385;-456;-308;88.48;2016-05-05
2016-06-30;4,309;-3,84;469;-490;3,336;1,26;6,872;12,427;1,96;4,793;23,871;-;-;41;10,757;8,955;29,317;-158;-341;88.48;2016-08-04
2016-09-30;3,736;-3,352;384;-94;3,392;1,248;6,765;12,242;1,959;4,96;23,876;-;-;40;10,556;8,923;29,604;-72;-264;88.48;2016-11-04
2016-12-31;4,38;-3,942;438;-259;3,384;2,851;4,286;11,284;1,855;5,174;22,795;-;-;31;10,669;8,738;28,849;823;-342;88.48;2017-03-01
2017-03-31;3,605;-3,151;454;6;2,887;1,193;6,471;11,336;1,887;5,373;23,112;-;-;28;10,078;8,733;28,473;-317;-281;87.8;2017-05-05
2017-06-30;4,144;-3,642;502;-243;2,217;1,34;6,699;11,138;1,978;5,725;23,395;-;-;22;10,562;8,785;29,134;-181;-443;87.8;2017-08-04
2017-09-30;3,839;-3,355;484;-100;1,835;1,291;7,158;11,168;2,029;5,942;23,709;-;-;18;11,065;8,813;29,308;-208;-287;87.8;2017-11-04
2017-12-31;4,611;-4,056;555;-188;2,988;3,634;3,429;15,043;2,042;3,581;24,916;-;-;18;14,165;9,2;31,524;1,237;-378;87.8;2018-03-01
2018-03-31;4,028;-3,539;489;44;2,781;5,225;3,674;16,63;2,08;3,769;26,726;-;-;10;15,418;9,207;32,956;-471;-267;100.04;2018-05-05
2018-06-30;4,262;-3,709;553;70;2,823;3,921;3,877;14,876;1,959;3,967;25,029;-;-;11;13,457;9,129;30,777;-80;-310;100.04;2018-08-04
2018-09-30;3,643;-3,073;570;149;2,318;4,325;4,41;11,585;1,985;4,202;24,269;-;-;11;11,492;9,125;29,588;-141;-253;100.04;2018-11-04
2018-12-31;4,303;-3,637;666;55;3,187;4,192;4,402;12,348;1,948;4,519;24,958;-;-;9;12,392;9,093;30,521;1,289;-334;100.04;2019-03-01
2019-03-31;3,516;-3,06;456;239;3,279;4,411;5,192;13,604;1,92;4,562;26,719;-;-;168;13,341;9,317;32,379;-907;-142;95.32;2019-05-05
2019-06-30;4,314;-3,818;496;-36;2,957;4,657;4,782;13,638;1,93;4,584;26,688;-;-;-;13,695;9,344;32,668;-289;-151;95.32;2019-08-04
2019-09-30;1,547;-1,327;220;-168;2,255;4,574;5,202;13,254;1,865;4,617;26,363;-;-;-;13,479;9,323;32,703;-557;-124;95.32;2019-11-04
2019-12-31;2,412;-2,109;303;-1,528;2,578;4,329;4,599;13,483;1,936;4,616;24,972;-;-;8;15,315;9,325;32,639;1,073;-135;95.32;2020-02-29
2020-03-31;1,522;-1,357;165;-281;2,026;4,455;5,061;13,648;1,878;4,601;24,127;-;-;8;14,741;9,312;31,659;-1,543;-99;96.32;2020-05-05
2020-06-30;1,223;-1,129;94;150;1,674;4,484;4,893;12,581;1,923;4,582;23,478;-;564;476;14,525;8,857;32,296;-957;-82;96.32;2020-08-04
2020-09-30;1,405;-1,237;168;-24;1,16;504;4,648;17,362;-;4,535;24,109;-;-;837;16,571;9,203;33,015;-644;-67;96.32;2020-11-04
2020-12-31;2,337;-2,248;89;-15;1,779;355;3,65;16,646;-;4,396;23,09;-;-;1,882;16,827;8,193;32,415;323;-116;96.32;2021-03-01
2021-03-31;1,341;-1,157;184;-251;3,153;346;3,595;8,527;-;4,333;14,94;-;-;2,004;6,748;7,332;18,001;-993;-37;96.32;2021-05-05
2021-06-30;1,524;-1,309;215;139;2,288;342;3,531;7,05;-;4,256;13,901;-;-;634;5,226;7,366;16,812;155;-64;96.32;2021-08-04
2021-09-30;1,449;-1,237;212;-376;1,38;327;3,429;5,914;-;4,202;12,532;-;-;-;4,618;7,043;15,743;156;-57;96.32;2021-11-04
2021-12-31;1,771;-1,458;313;239;1,675;324;3,242;5,481;-;4,129;12,764;-;-;-;4,768;7,047;15,853;393;-79;96.32;2022-03-01
2022-03-31;1,246;-1,007;239;-287;1,406;344;3,324;5,758;-;4,068;12,493;-;-;204;4,878;6,653;15,409;217;-44;96.32;2022-05-05
2022-06-30;1,557;-1,288;269;-109;1,394;313;3,473;5,809;-;4,011;12,31;-;-;282;5,332;6,28;15,467;422;-81;94.50;2022-08-04
2022-09-30;1,455;-1,166;289;27;1,345;309;3,808;6,064;-;3,964;12,468;-;-;8;5,479;6,176;15,757;122;-86;94.50;2022-11-04
2022-12-31;2,655;-2,195;460;241;1,291;319;3,322;5,585;-;3,873;12,324;-;-;345;5,437;5,98;15,086;311;-144;94.50;2023-03-01
2023-03-31;1,453;-1,158;295;302;1,142;316;3,717;5,383;-;3,841;12,441;-;-;329;5,579;5,579;14,889;-162;-85;97.72;2023-05-05
2023-06-30;1,675;-1,304;371;10;883;324;4,2;5,644;-;3,8;12,544;-;-;226;5,929;5,584;15,034;-134;-88;97.72;2023-08-04
2023-09-30;1,856;-1,473;383;-37;987;322;4,453;5,987;-;3,757;12,524;-;-;214;5,988;5,583;14,994;179;-99;97.72;2023-11-04
2023-12-31;3,062;-2,48;582;215;1,594;342;3,768;5,934;-;3,566;12,458;1,82;-;148;5,938;5,607;14,862;740;-94;97.72;2024-02-29
2024-03-31;1,281;-1,001;280;110;1,181;269;4,387;6,155;-;3,554;12,822;1,793;-;134;5,971;5,606;14,976;-343;-44;99.71;2024-04-22