date;revenue;cogs;gross_profit;net_profit;cash;acc_rec;inventory;curr_assets;goodwill;intangible_assets;total_assets;acc_pay;short_term_debt;current_debt;curr_liab;long_term_debt;total_liab;cash_from_operating_activities;capex;shares;real_date
2000-03-31;323;-287;36;25;164;325;108;712;144;-;1,224;-;-;1;527;271;845;71;0;219;2000-05-25
2000-06-30;286;-240;46;31;235;305;111;750;143;-;1,296;-;-;1;578;273;916;67;-30;219;2000-07-30
2000-09-30;132;-106;26;18;231;277;106;721;142;-;1,26;-;-;1;549;260;849;31;-4;219;2000-10-30
2000-12-31;244;-205;40;28;168;322;112;783;141;-;1,346;-;-;1;597;277;906;28;-14;219;2001-01-30
2001-03-31;229;-189;40;29;157;246;99;657;19;-;1,372;-;-;2;507;263;908;44;-28;215.6;2001-05-25
2001-06-30;242;-191;51;33;68;339;149;570;231;-;1,357;-;-;2;538;285;865;-45;-43;215.6;2001-07-30
2001-09-30;255;-200;55;34;121;404;161;725;406;-;1,965;-;-;2;645;655;1,399;48;-66;215.6;2001-10-30
2001-12-31;280;-216;64;40;54;375;130;609;418;-;2,299;-;-;2;561;1,031;1,697;30;-79;215.6;2002-01-30
2002-03-31;63;-40;23;10;89;378;131;674;376;163;2,378;-;-;38;699;889;1,766;124;-63;217.6;2002-05-25
2002-06-30;276;-213;63;37;53;378;137;642;372;174;2,429;-;-;37;641;927;1,763;-32;-73;217.6;2002-07-30
2002-09-30;252;-209;43;23;63;374;138;643;382;177;2,416;-;-;14;561;915;1,7;40;-58;217.6;2002-10-30
2002-12-31;290;-235;55;32;69;397;158;679;391;181;2,515;-;-;14;550;976;1,758;22;-52;217.6;2003-01-30
2003-03-31;312;-252;60;39;17;373;136;573;367;172;2,357;-;-;13;570;798;1,606;125;-41;219.4;2003-05-25
2003-06-30;209;-189;20;12;41;340;164;594;341;159;2,241;-;-;11;487;819;1,528;-55;-25;219.4;2003-07-30
2003-09-30;213;-193;21;11;115;319;172;675;344;159;2,251;-;-;11;472;658;1,354;15;-28;219.4;2003-10-30
2003-12-31;255;-232;24;15;88;398;182;738;343;157;2,326;-;-;14;494;672;1,417;-38;-8;219.4;2004-01-30
2004-03-31;261;-235;27;10;55;317;148;684;301;129;2,309;-;-;9;506;576;1,39;84;-26;233.2;2004-05-25
2004-06-30;231;-199;32;19;41;406;157;702;350;163;2,418;-;-;43;517;676;1,469;11;-41;233.2;2004-07-30
2004-09-30;235;-213;22;13;24;318;156;695;293;129;2,34;-;-;38;516;616;1,436;36;-25;233.2;2004-10-30
2004-12-31;258;-240;17;-346;63;285;115;665;91;21;1,919;-;-;36;504;577;1,364;87;-37;233.2;2005-01-30
2005-03-31;231;-216;15;4;57;256;101;498;92;20;1,7;-;-;35;469;308;1,048;67;-15;247.9;2005-05-25
2005-06-30;266;-235;31;21;46;263;112;508;97;23;1,696;-;-;14;459;314;1,036;24;-18;247.9;2005-07-30
2005-09-30;280;-250;30;18;70;261;121;555;92;21;1,649;-;-;14;495;306;1,004;54;-24;247.9;2005-10-30
2005-12-31;277;-237;39;18;67;256;93;509;92;21;1,65;-;-;11;499;265;991;91;-46;247.9;2006-01-30
2006-03-31;284;-250;35;15;81;173;181;541;92;31;1,716;-;-;10;545;261;1,044;60;-42;252.1;2006-05-25
2006-06-30;302;-250;52;33;72;287;87;556;89;24;1,739;-;-;27;561;244;1,043;30;-41;252.1;2006-07-30
2006-09-30;280;-;280;31;111;318;99;654;89;25;1,843;-;-;36;595;274;1,115;41;-41;252.1;2006-10-30
2006-12-31;331;-284;47;30;113;329;85;626;98;27;1,92;-;-;39;614;262;1,127;76;-43;252.1;2007-01-30
2007-03-31;337;-;337;35;150;220;204;627;97;36;1,956;-;-;27;621;256;1,126;92;-34;253.0;2007-05-25
2007-06-30;358;-;358;39;135;277;214;687;113;52;1,999;-;-;28;597;328;1,178;-29;-33;253.0;2007-07-30
2007-09-30;354;-;354;39;144;262;198;662;112;60;2,006;-;-;26;597;337;1,176;98;-87;253.0;2007-10-30
2007-12-31;345;-;345;40;201;265;212;758;111;59;2,07;-;-;27;618;362;1,205;61;-21;253.0;2008-01-30
2008-03-31;367;-;367;47;256;149;230;827;116;62;2,253;-;-;27;736;353;1,305;127;-48;253.0;2008-05-25
2008-06-30;392;-;392;48;148;143;277;745;130;77;2,244;-;-;100;730;302;1,257;-29;-38;253.0;2008-07-30
2008-09-30;407;-;407;49;150;163;334;812;136;72;2,326;-;-;96;781;310;1,313;59;-51;253.0;2008-10-30
2008-12-31;425;-;425;52;198;209;354;950;154;77;2,66;-;-;114;921;349;1,51;92;-52;253.0;2009-01-30
2009-03-31;439;-;439;53;195;203;119;900;159;100;2,666;-;-;126;891;355;1,468;72;-63;255.0;2009-05-25
2009-06-30;383;-;383;27;193;174;125;912;157;101;2,646;-;-;46;747;488;1,461;-20;-32;255.0;2009-07-30
2009-09-30;365;-;365;39;257;190;129;946;150;110;2,616;-;-;60;763;455;1,452;116;-26;255.0;2009-10-30
2009-12-31;383;-;383;38;234;183;141;952;164;116;2,62;-;-;63;767;443;1,449;22;-24;255.0;2010-01-30
2010-03-31;396;-;396;41;313;135;127;964;162;125;2,622;-;-;51;742;442;1,466;149;-49;255.8;2010-05-25
2010-06-30;366;-237;129;37;201;178;137;906;183;140;2,628;-;-;19;700;444;1,437;-44;-21;255.8;2010-07-30
2010-09-30;388;-259;129;39;209;166;141;934;183;145;2,702;-;-;18;708;438;1,467;75;-31;255.8;2010-10-30
2010-12-31;411;-275;136;39;191;175;135;941;178;151;2,694;-;-;33;667;443;1,46;34;-23;255.8;2011-01-30
2011-03-31;466;-311;155;46;276;191;124;1,049;-;376;2,817;-;-;86;810;574;1,903;162;-36;257.3;2011-05-25
2011-06-30;428;-288;140;44;181;210;144;1,02;-;381;2,81;-;-;168;815;533;1,866;-88;-31;257.3;2011-07-30
2011-09-30;434;-296;138;39;227;196;143;1,054;-;539;3,083;-;-;126;828;720;2,109;129;-47;257.3;2011-10-30
2011-12-31;453;-300;153;46;242;183;145;1,091;-;530;3,09;-;-;148;853;688;2,098;70;-44;257.3;2012-01-30
2012-03-31;507;-337;170;54;287;196;153;1,148;-;533;3,184;-;-;136;884;686;2,162;122;-44;258.22;2012-05-25
2012-06-30;462;-312;150;22;259;242;161;1,252;-;746;3,695;-;-;239;1,033;1,01;2,666;-82;-35;258.22;2012-07-30
2012-09-30;507;-371;136;36;229;235;163;1,215;-;739;3,645;-;-;221;977;1,003;2,639;26;-26;258.22;2012-10-30
2012-12-31;501;-361;140;37;305;244;181;1,298;-;784;3,814;-;-;157;970;1,113;2,74;97;-23;258.22;2013-01-30
2013-03-31;566;-407;159;46;260;247;176;1,308;-;794;3,691;-;-;71;907;1,003;2,577;114;-14;259.40;2013-05-25
2013-06-30;520;-382;138;45;259;145;284;1,237;-;816;3,838;-;-;42;855;1,114;2,634;16;-30;259.40;2013-07-30
2013-09-30;478;-352;126;38;287;207;206;1,211;-;815;3,815;-;-;41;859;1,056;2,567;115;-24;259.40;2013-10-30
2013-12-31;504;-363;141;47;266;246;222;1,242;-;840;3,984;-;-;44;867;1,109;2,632;18;-37;259.40;2014-01-30
2014-03-31;576;-416;160;60;312;295;220;1,352;-;871;4,237;-;-;51;965;1,118;2,795;127;-66;261.92;2014-05-25
2014-06-30;526;-390;137;44;281;245;247;1,397;-;813;4,192;-;-;49;913;1,133;2,757;3;-40;261.92;2014-07-30
2014-09-30;529;-393;136;42;278;240;246;1,408;-;822;4,293;-;-;52;889;1,225;2,834;14;-36;261.92;2014-10-30
2014-12-31;559;-410;149;52;264;267;246;1,466;-;822;4,395;-;-;52;952;1,184;2,874;92;-28;261.92;2015-01-30
2015-03-31;632;-450;182;67;330;291;237;1,562;-;845;4,657;-;-;56;1,04;1,224;3,022;161;-41;266.01;2015-05-25
2015-06-30;557;-399;158;45;284;265;241;1,566;-;841;4,632;-;-;113;1,022;1,179;2,943;-46;-24;266.01;2015-07-30
2015-09-30;617;-458;159;76;377;272;249;1,646;-;914;4,95;-;-;122;1,173;1,192;3,146;126;-25;266.01;2015-10-30
2015-12-31;616;-448;168;57;541;282;268;1,811;-;924;5,161;-;-;126;1,269;1,211;3,271;215;-29;266.01;2016-01-30
2016-03-31;723;-512;211;62;486;294;278;1,75;-;929;4,997;-;-;119;1,193;1,154;3,108;51;-40;269.20;2016-05-25
2016-06-30;652;-462;190;69;345;300;342;1,676;-;939;4,984;-;-;49;1,071;1,176;3,131;54;-55;269.20;2016-07-30
2016-09-30;636;-449;187;49;343;315;400;1,72;-;941;5,112;-;-;47;1,097;1,219;3,217;57;-59;269.20;2016-10-30
2016-12-31;683;-483;199;69;417;294;420;1,778;-;937;5,171;-;-;52;1,141;1,219;3,203;156;-36;269.20;2017-01-30
2017-03-31;735;-500;235;70;505;334;416;1,92;-;944;5,355;-;-;52;1,274;1,204;3,334;198;-74;269.60;2017-05-25
2017-06-30;656;-453;204;61;432;310;402;1,869;-;939;5,303;-;-;50;1,185;1,186;3,238;-19;-60;269.60;2017-07-30
2017-09-30;618;-437;182;62;541;295;387;1,91;-;916;5,193;-;-;47;1,134;1,164;3,142;97;-34;269.60;2017-10-30
2017-12-31;828;-573;256;146;531;334;370;1,946;-;1,033;5,478;-;-;55;1,278;1,187;3,356;188;-54;269.60;2018-01-30
2018-03-31;721;-484;237;86;612;892;516;2,123;-;1,056;5,78;-;-;52;1,474;1,209;3,551;138;-73;269.45;2018-05-25
2018-06-30;722;-503;219;72;500;942;546;2,108;-;1,051;5,791;-;-;119;1,489;1,192;3,548;-31;-71;269.45;2018-07-30
2018-09-30;744;-542;202;64;504;948;575;2,15;-;1,104;5,83;-;-;130;1,592;1,17;3,622;177;-61;269.45;2018-10-30
2018-12-31;816;-583;233;80;362;1,075;604;2,177;-;1,318;6,295;-;-;231;1,983;1,117;4,005;218;-289;269.45;2019-01-30
2019-03-31;1,022;-734;288;125;446;1,02;537;2,112;-;2,028;7,166;-;-;264;1,889;2,064;4,834;166;-121;267.97;2019-05-25
2019-06-30;826;-582;244;63;322;1,082;590;2,122;-;2,029;7,412;-;-;199;1,77;2,436;5,125;-60;-112;267.97;2019-07-30
2019-09-30;897;-660;237;75;223;1,088;578;2,014;-;2,028;7,321;-;-;231;1,704;2,434;5,051;37;-84;267.97;2019-10-30
2019-12-31;924;-632;292;100;279;1,003;607;2,024;-;2,014;7,445;-;-;123;1,735;2,462;5,082;322;-73;267.97;2020-01-30
2020-03-31;977;-666;312;81;947;1,135;616;2,809;-;2,057;8,484;-;-;206;2,062;3,106;5,994;246;-115;267.60;2020-05-25
2020-06-30;551;-443;108;-110;363;1,054;671;2,204;-;1,975;7,61;-;-;219;1,891;2,552;5,357;-88;-36;267.60;2020-07-30
2020-09-30;705;-514;191;-6;258;1,049;712;2,131;-;1,951;7,442;-;-;230;1,909;2,387;5,178;46;-26;267.60;2020-10-30
2020-12-31;832;-604;229;50;620;939;691;2,385;-;2,055;7,779;-;-;285;1,92;2,155;4,997;235;-40;267.60;2021-01-30
2021-03-31;894;-657;237;19;926;981;648;3,378;-;2,056;8,748;-;-;216;2,633;2,135;5,608;175;-62;272.01;2021-05-25
2021-06-30;753;-539;214;47;691;1,019;559;3,092;-;2,067;8,522;-;-;230;2,379;2,13;5,343;-129;-93;272.01;2021-07-30
2021-09-30;815;-587;228;17;340;1,148;538;2,156;-;3,431;9,153;-;-;206;1,704;2,616;5,208;31;-66;272.01;2021-10-30
2021-12-31;849;-606;243;28;464;1,061;547;2,196;-;3,429;9,215;-;-;196;1,862;2,578;5,277;310;-102;272.01;2022-01-30
2022-03-31;955;-683;272;57;346;1,165;520;2,149;-;3,796;9,579;-;-;242;2,091;2,804;5,569;207;-101;312.9;2022-05-25
2022-06-30;933;-700;233;4;206;1,27;550;2,169;-;3,873;9,756;-;-;229;2,051;3,003;5,677;-163;-99;312.9;2022-07-30
2022-09-30;993;-720;274;46;203;1,242;566;2,17;-;4,058;10,101;-;-;243;2,113;3,155;5,863;138;-104;312.9;2022-10-30
2022-12-31;1,02;-722;298;80;192;1,245;599;2,179;-;4,04;10,272;-;-;221;2,24;3,044;5,899;252;-123;312.9;2023-01-30
2023-03-31;1,257;-895;362;102;218;1,31;583;2,235;-;4,051;10,437;-;-;215;2,247;3,036;5,929;181;-99;318.42;2023-05-25
2023-06-30;1,054;-749;306;68;153;1,293;652;2,212;-;3,986;10,32;-;-;208;2,143;3,111;5,821;-49;-130;318.42;2023-07-30
2023-09-30;1,089;-785;303;61;182;1,308;656;2,282;-;4,047;10,565;-;-;425;2,425;2,941;5,932;180;-94;318.42;2023-10-30
2023-12-31;1,095;-792;303;61;125;1,208;601;2,411;-;3,83;10,472;-;-;593;2,67;2,617;5,823;221;-119;318.42;2024-01-30