date;revenue;cogs;gross_profit;net_profit;cash;acc_rec;inventory;curr_assets;goodwill;intangible_assets;total_assets;acc_pay;short_term_debt;current_debt;curr_liab;long_term_debt;total_liab;cash_from_operating_activities;capex;shares;real_date
2004-12-31;1,022;-208;814;129;353;435;134;992;-;-;10,5;-;-;276;1,288;3,075;6,517;195;-157;795.5;2005-01-30
2005-03-31;1,014;-242;772;81;275;528;160;1,034;-;-;10,598;-;9;280;1,302;3,079;6,553;78;-143;800.5;2005-04-25
2005-06-30;1,106;-246;860;123;132;483;164;846;-;-;10,532;-;-;29;1,052;3,103;6,401;359;-209;800.5;2005-07-25
2005-09-30;1,105;-241;864;202;87;543;162;861;-;-;10,635;-;-;30;1,127;2,974;6,389;274;-232;800.5;2005-10-25
2005-12-31;1,167;-273;894;137;122;524;140;894;-;-;10,891;-;-;30;1,117;2,971;6,507;339;-300;800.5;2006-01-30
2006-03-31;1,111;-260;850;111;48;531;153;854;-;-;10,949;-;-;173;1,2;2,828;6,49;174;-192;794;2006-04-25
2006-06-30;1,131;-259;872;378;44;517;182;848;-;-;10,947;-;-;166;1,175;2,733;6,234;282;-177;794;2006-07-25
2006-09-30;1,151;-253;899;164;46;555;185;901;-;-;11,11;-;-;185;1,2;2,728;6,334;278;-220;794;2006-10-25
2006-12-31;1,19;-273;918;146;124;616;159;1,005;-;-;11,416;-;-;191;1,239;2,814;6,559;314;-205;794;2007-01-30
2007-03-31;1,116;-289;827;129;26;608;162;906;-;-;11,375;-;78;32;1,16;2,748;6,436;228;-204;778;2007-04-25
2007-06-30;1,216;-307;909;257;392;567;171;1,259;-;-;11,689;-;-;31;1,089;3,047;6,71;365;-158;778;2007-07-25
2007-09-30;1,188;-285;903;219;339;609;188;1,253;-;-;11,802;-;-;31;1,129;2,896;6,64;341;-206;778;2007-10-25
2007-12-31;1,188;-289;899;342;378;543;180;1,168;-;-;13,365;-;230;31;1,345;4,146;7,907;343;-267;778;2008-01-30
2008-03-31;1,147;-342;805;91;71;585;177;904;-;-;13,375;-;67;31;1,183;4,268;7,844;159;-127;777.5;2008-04-25
2008-06-30;1,22;-363;857;155;11;681;200;1,029;-;-;13,678;-;255;238;1,536;4,017;8,012;183;-237;777.5;2008-07-25
2008-09-30;1,265;-387;878;174;98;747;232;1,136;-;-;14,05;-;280;248;1,637;4,14;8,244;279;-242;777.5;2008-10-25
2008-12-31;1,3;-349;951;188;11;647;216;1,122;-;237;15,157;-;150;44;1,309;4,686;9,388;322;-209;777.5;2009-01-30
2009-03-31;1,11;-314;795;59;8;569;192;1,495;-;245;16,037;-;132;65;1,253;4,785;9,533;135;-123;834;2009-04-25
2009-06-30;1,031;-226;805;135;17;489;204;1,185;-;225;15,385;-;56;387;1,36;3,978;8,778;134;-246;834;2009-07-25
2009-09-30;1,118;-231;887;209;9;499;169;1,409;-;207;15,321;-;58;390;1,396;3,701;8,576;402;-196;834;2009-10-25
2009-12-31;1,143;-253;891;146;679;655;133;1,642;-;202;14,155;-;-;605;1,606;4,138;9,497;-220;-139;834;2010-01-30
2010-03-31;1,167;-295;872;101;724;706;123;1,744;-;195;14,174;-;-;612;1,595;4,023;9,382;184;-91;846;2010-04-25
2010-06-30;1,234;-284;950;167;374;441;137;1,152;-;204;13,739;-;-;40;1,02;4,16;8,857;187;-168;846;2010-07-25
2010-09-30;1,286;-264;1,023;197;268;533;125;1,085;-;197;13,531;-;-;41;1,08;4,389;8,459;-250;-185;846;2010-10-25
2010-12-31;1,294;-307;987;186;361;459;114;1,204;-;190;13,676;-;-;282;1,29;4,033;8,851;381;-282;846;2011-01-30
2011-03-31;1,163;-349;815;34;311;520;122;1,154;-;185;13,523;-;-;280;1,309;3,941;8,623;135;-133;853;2011-04-25
2011-06-30;1,265;-348;916;128;268;509;137;1,108;-;183;13,556;-;-;279;1,27;3,919;8,551;212;-218;853;2011-07-25
2011-09-30;1,341;-347;994;187;97;531;150;951;-;199;14,008;-;-;304;1,335;4,043;8,808;325;-352;853;2011-10-25
2011-12-31;1,408;-376;1,032;221;47;518;138;856;-;192;14,11;-;27;50;1,21;4,695;9,461;-161;-401;853;2012-01-30
2012-03-31;1,376;-383;993;142;77;526;171;1,028;-;188;14,236;-;-;51;1,11;4,681;9,41;201;-233;866;2012-04-25
2012-06-30;1,366;-355;1,011;103;82;497;151;974;-;192;14,406;-;-;52;1,153;4,745;9,468;326;-292;866;2012-07-25
2012-09-30;1,451;-341;1,11;224;207;533;142;1,118;-;185;14,491;-;-;54;1,101;4,602;9,26;332;-287;866;2012-10-25
2012-12-31;1,502;-364;1,138;15;333;546;136;1,329;-;161;14,727;-;-;54;1,23;4,636;9,63;469;-336;866;2013-01-30
2013-03-31;1,495;-388;1,107;217;347;585;190;1,481;-;164;15,027;-;-;154;1,243;4,59;9,578;267;-203;882.5;2013-04-25
2013-06-30;1,497;-348;1,149;252;442;547;174;1,651;-;170;15,519;-;-;172;1,243;4,692;9,794;520;-301;882.5;2013-07-25
2013-09-30;1,534;-262;1,272;324;329;594;158;1,709;-;166;15,734;-;-;177;1,251;4,591;9,706;504;-298;882.5;2013-10-25
2013-12-31;1,607;-307;1,3;82;476;580;165;2,029;-;162;17,06;-;-;189;1,378;4,546;9,963;659;-434;882.5;2014-01-30
2014-03-31;1,509;-323;1,186;254;279;723;190;2,01;-;168;17,315;-;-;95;1,239;4,774;10,052;287;-224;872;2014-04-25
2014-06-30;1,681;-320;1,361;371;369;687;174;1,913;-;162;17,012;-;-;92;1,349;4,633;9,876;645;-298;872;2014-07-25
2014-09-30;1,67;-296;1,374;400;315;739;168;1,538;-;170;17,225;-;-;132;1,345;4,752;10,133;534;-414;872;2014-10-25
2014-12-31;1,76;-302;1,458;451;226;702;177;1,277;-;176;16,606;-;-;134;1,411;5,625;10,996;657;-513;872;2015-01-30
2015-03-31;1,665;-247;1,418;320;184;776;171;1,274;-;192;17,249;-;-;91;1,371;6,358;11,831;555;-263;805;2015-04-25
2015-06-30;1,651;-230;1,421;390;185;686;174;1,213;-;189;17,39;-;-;90;1,421;6,611;12,139;585;-355;805;2015-07-25
2015-09-30;1,709;-209;1,5;323;661;722;174;1,705;-;204;18,431;-;-;29;1,616;8,648;14,439;696;-449;805;2015-10-25
2015-12-31;1,687;-206;1,481;319;650;645;188;1,537;198;13;19,637;-;-;30;1,447;8,756;14,841;623;-455;805;2016-01-30
2016-03-31;1,591;-181;1,41;540;571;629;181;1,45;-;196;19,349;-;-;23;1,166;8,43;14,059;218;-278;752.5;2016-04-25
2016-06-30;1,45;-169;1,281;328;92;577;195;923;-;195;19,068;-;-;198;1,445;8,383;14,377;512;-330;752.5;2016-07-25
2016-09-30;1,554;-177;1,377;347;103;605;192;964;-;198;19,421;-;-;391;1,637;8,488;14,752;591;-294;752.5;2016-10-25
2016-12-31;1,637;-220;1,417;384;164;591;184;1,009;-;202;19,221;-;-;25;1,347;8,659;14,595;768;-280;752.5;2017-01-30
2017-03-31;1,603;-219;1,384;431;338;687;152;1,274;-;187;20,135;-;-;746;1,179;7,413;14,359;311;-230;731.5;2017-04-25
2017-06-30;1,643;-208;1,435;480;238;604;192;1,119;-;195;19,537;-;-;762;1,945;7,66;14,204;611;-346;731.5;2017-07-25
2017-09-30;1,595;-195;1,4;510;142;628;157;992;-;187;19,479;-;-;749;1,888;7,384;13,914;527;-319;731.5;2017-10-25
2017-12-31;1,713;-245;1,468;443;338;687;152;1,274;-;187;20,135;-;-;746;1,984;7,413;13,698;733;-445;731.5;2018-01-30
2018-03-31;1,662;-270;1,392;348;125;699;154;1,117;-;192;20,318;-;-;756;1,939;7,601;13,884;397;-241;716.5;2018-04-25
2018-06-30;1,75;-283;1,467;436;51;686;160;1;-;196;20,685;-;-;547;1,76;7,782;14,111;711;-413;716.5;2018-07-25
2018-09-30;1,898;-273;1,625;622;150;759;156;1,13;-;192;21,109;-;-;480;1,669;7,806;13,981;673;-430;716.5;2018-10-25
2018-12-31;2,006;-293;1,713;545;61;815;173;1,117;-;202;21,254;-;-;506;1,955;8,036;14,618;931;-467;716.5;2019-01-30
2019-03-31;1,767;-266;1,501;434;352;744;182;1,376;-;198;21,91;-;-;496;1,808;8,277;15,096;413;-224;696.5;2019-04-25
2019-06-30;1,977;-290;1,687;724;45;795;195;1,115;-;193;21,933;-;185;88;1,674;8,118;14,776;721;-459;696.5;2019-07-25
2019-09-30;1,979;-260;1,719;618;145;770;188;1,186;-;195;22,539;-;455;220;2,09;8,16;15,324;823;-464;696.5;2019-10-25
2019-12-31;2,069;-276;1,793;664;133;805;182;1,21;-;206;22,367;-;516;83;2,292;8,014;15,298;1,033;-500;696.5;2020-01-30
2020-03-31;2,043;-271;1,772;409;247;885;177;1,407;-;223;23,488;-;28;238;1,794;9,804;16,533;489;-355;680;2020-04-25
2020-06-30;1,792;-181;1,611;635;277;776;192;1,355;-;291;23,562;-;-;91;1,668;9,457;16,097;835;-502;680;2020-07-25
2020-09-30;1,863;-193;1,67;598;183;840;185;1,324;-;284;23,787;-;-;841;2,221;8,945;16,208;493;-484;680;2020-10-25
2020-12-31;2,012;-223;1,789;802;147;825;208;1,321;-;366;23,64;-;820;366;2,653;8,45;16,321;985;-330;680;2021-01-30
2021-03-31;1,959;-265;1,694;602;360;840;213;1,624;-;371;24,121;-;715;1,067;3,2;7,958;16,255;582;-323;680;2021-04-25
2021-06-30;2,054;-272;1,782;1,246;892;755;218;1,987;-;366;24,704;-;-;872;2,817;7,85;15,739;1,954;-416;682.8;2021-07-25
2021-09-30;1,942;-250;1,692;472;210;811;227;1,451;-;372;26,445;-;-;1,932;3,676;8,036;16,977;548;-372;682.8;2021-10-25
2021-12-31;2,04;-282;1,758;532;69;819;235;1,352;-;371;68,177;-;336;1,214;3,159;18,541;34,348;604;-421;682.8;2022-01-30
2022-03-31;1,838;-335;1,503;590;85;818;251;1,407;-;366;67,592;-;-;1,746;3,191;17,917;33,607;613;-226;932.9;2022-04-25
2022-06-30;2,202;-433;1,769;765;154;962;271;1,611;-;374;69,874;-;-;1,698;3,209;18,372;34,46;707;-370;932.9;2022-07-25
2022-09-30;2,312;-424;1,888;891;138;1,053;267;1,644;-;390;73,435;-;-;1,236;2,811;19,339;35,621;1,102;-422;932.9;2022-10-25
2022-12-31;2,462;-468;1,994;1,271;451;1,016;284;1,889;-;386;73,495;-;-;1,51;3,213;18,111;34,609;1,72;-539;932.9;2023-01-30
2023-03-31;2,266;-398;1,868;800;290;1,029;285;1,78;-;385;73,502;2,567;-;1,096;2,678;18,066;33,982;881;-405;933.7;2023-04-25
2023-06-30;3,174;-495;2,679;1,325;325;1,656;381;2,918;17,674;3,019;79,172;-;536;1,373;4,339;21,353;38,168;893;-637;933.7;2023-07-25
2023-09-30;3,339;-519;2,82;780;294;1,852;398;3,069;18,147;3,061;80,997;-;406;1,378;4,389;21,762;41,31;1,027;-752;933.7;2023-10-25
2023-12-31;3,776;-613;3,163;1,018;464;1,887;400;3,002;17,729;2,974;79,902;-;1,058;2,085;5,71;19,32;37,491;1,336;-705;933.7;2024-01-30
2024-03-31;3,52;-552;2,968;774;519;1,943;561;3,146;18,228;3,026;81,668;2,525;-;3,899;6,424;18,829;37,907;1,015;-527;934.4;2024-04-22