date;revenue;cogs;gross_profit;net_profit;cash;acc_rec;inventory;curr_assets;goodwill;intangible_assets;total_assets;acc_pay;short_term_debt;current_debt;curr_liab;long_term_debt;total_liab;cash_from_operating_activities;capex;shares;real_date
2007-03-31;1,316;-1,149;167;7;62;214;389;1,028;830;86;3,341;-;11;78;795;1,251;2,362;-18;-52;140.0;2007-05-05
2007-06-30;1,319;-1,15;169;-4;50;207;387;1,026;802;86;3,316;-;11;75;733;1,258;2,33;0;-59;140.0;2007-08-04
2007-09-30;1,301;-1,15;152;4;94;234;367;810;833;87;3,16;-;10;70;681;845;1,965;25;-58;140.0;2007-11-04
2007-12-31;1,274;-1,075;199;-21;28;202;351;634;818;93;2,998;-;10;18;591;855;1,849;99;-67;140.0;2008-02-19
2008-03-31;1,203;-1,047;156;2;56;205;382;696;858;94;3,155;-;10;13;613;998;2,008;18;-46;140.0;2008-05-05
2008-06-30;1,355;-1,205;151;-9;16;240;389;709;857;93;3,185;-;10;12;564;1,09;2,064;-60;-63;140.0;2008-08-04
2008-09-30;1,344;-1,186;158;-11;126;217;398;822;871;98;3,33;-;10;12;585;1,241;2,229;50;-49;140.0;2008-11-04
2008-12-31;1,34;-1,184;156;-12;366;139;377;955;876;97;3,452;-;9;179;818;1,2;2,309;187;-49;140.0;2009-02-19
2009-03-31;1,279;-1,112;167;4;263;178;401;912;877;100;3,436;-;9;183;791;1,21;2,287;-39;-58;140.0;2009-05-05
2009-06-30;1,321;-1,153;168;7;208;183;388;872;878;101;3,367;-;10;376;965;940;2,196;-10;-36;140.0;2009-08-04
2009-09-30;1,297;-1,104;193;25;89;207;355;751;868;100;3,215;-;4;364;946;787;2,04;57;-30;140.0;2009-11-04
2009-12-31;1,325;-1,119;206;23;29;189;332;617;857;98;3,058;-;4;206;737;835;1,868;81;-40;140.0;2010-02-19
2010-03-31;1,192;-1,016;175;20;72;294;331;825;753;144;2,992;-;6;203;918;832;2,055;65;-29;140.0;2010-05-05
2010-06-30;1,271;-1,089;182;5;25;321;330;798;756;152;2,98;-;8;467;1,15;583;2,043;40;-42;140.0;2010-08-04
2010-09-30;1,293;-1,109;184;-20;10;318;300;760;754;159;3,041;-;8;385;1,1;569;2,125;118;-49;140.0;2010-11-04
2010-12-31;1,212;-1,005;207;31;-;58;276;584;753;164;2,835;-;16;497;1,092;389;1,911;63;-42;140.0;2011-02-19
2011-03-31;1,148;-967;181;11;16;61;299;668;752;170;2,91;-;-;250;853;691;1,972;8;-50;140.0;2011-05-05
2011-06-30;1,238;-1,039;200;25;-;58;287;671;752;175;2,936;-;14;205;801;746;1,98;29;-58;140.0;2011-08-04
2011-09-30;1,262;-1,062;200;43;-;57;303;663;755;186;2,955;-;18;222;844;716;2,12;130;-52;140.0;2011-11-04
2011-12-31;1,245;-1,059;187;9;-;76;343;643;754;192;2,941;-;36;6;589;942;2,075;79;-69;140.0;2012-02-19
2012-03-31;1,161;-990;171;-6;1;54;327;708;753;199;3,018;-;5;6;520;1,086;2,159;-25;-56;140.0;2012-05-05
2012-06-30;1,148;-992;156;-4;84;52;320;779;754;204;3,101;-;15;6;553;1,122;2,239;105;-64;140.0;2012-08-04
2012-09-30;1,18;-1,015;165;11;87;46;314;751;753;207;3,108;-;31;6;542;1,119;2,275;71;-78;140.0;2012-11-04
2012-12-31;1,063;-881;183;41;90;56;380;803;753;209;3,244;-;48;7;543;1,207;2,353;66;-109;140.0;2013-02-19
2013-03-31;689;-650;40;-31;92;56;405;810;755;208;3,301;-;34;7;548;1,257;2,362;-2;-76;140.3;2013-05-05
2013-06-30;759;-711;49;-38;146;49;405;886;742;200;3,385;-;8;7;575;1,338;2,386;97;-89;140.3;2013-08-04
2013-09-30;758;-707;51;-25;400;48;404;1,207;726;200;3,676;-;-;641;1,31;892;2,646;118;-108;140.3;2013-11-04
2013-12-31;748;-706;42;-48;507;37;384;1,183;721;199;3,599;-;4;210;967;744;2,018;47;-88;140.3;2014-02-19
2014-03-31;711;-663;48;-125;471;21;424;2,152;428;185;3,953;-;-;1,335;2,251;6;2,515;-68;-98;142.9;2014-05-05
2014-06-30;832;-773;59;-40;540;14;401;1,178;428;182;2,944;-;-;0;368;10;591;-341;-78;142.9;2014-08-04
2014-09-30;820;-760;60;-27;510;13;408;1,142;428;176;2,91;-;-;0;392;10;598;31;-48;142.9;2014-11-04
2014-12-31;794;-743;51;-23;496;21;376;1,064;428;165;2,877;-;-;1;387;10;632;16;-35;142.9;2015-02-19
2015-03-31;780;-691;89;-3;427;27;396;1,031;428;156;2,829;-;-;1;354;10;585;-35;-26;135.1;2015-05-05
2015-06-30;821;-745;76;-7;410;19;360;959;428;147;2,762;-;-;1;371;10;590;75;-44;135.1;2015-08-04
2015-09-30;819;-720;99;19;307;24;369;852;428;141;2,653;-;-;1;348;10;573;42;-39;135.1;2015-11-04
2015-12-31;873;-756;117;33;292;26;362;830;428;138;2,619;-;-;1;329;10;578;77;-38;135.1;2016-02-19
2016-03-31;797;-659;138;42;291;24;417;908;428;134;2,657;-;-;1;325;10;565;45;-20;139.8;2016-05-05
2016-06-30;855;-728;127;31;313;26;388;915;428;131;2,664;-;-;1;291;10;569;63;-27;139.8;2016-08-04
2016-09-30;852;-731;121;32;444;88;339;953;428;130;2,635;-;-;1;302;9;500;176;-30;139.8;2016-11-04
2016-12-31;828;-623;205;76;404;91;373;972;428;128;2,633;-;-;1;375;9;545;72;-36;139.8;2017-02-19
2017-03-31;811;-678;134;30;144;93;430;765;560;163;2,596;-;-;1;353;9;533;55;-20;132.4;2017-05-05
2017-06-30;926;-778;148;37;105;100;414;761;557;160;2,585;-;-;1;340;9;536;42;-27;132.4;2017-08-04
2017-09-30;908;-778;130;38;210;95;364;764;552;159;2,59;-;-;1;339;9;543;186;-32;132.4;2017-11-04
2017-12-31;877;-701;176;59;203;91;385;766;517;215;2,633;-;-;1;350;8;581;104;-63;132.4;2018-02-19
2018-03-31;818;-685;132;28;68;98;436;679;612;283;2,733;-;-;1;350;60;657;32;-35;127.5;2018-05-05
2018-06-30;909;-770;139;35;37;108;412;651;671;215;2,725;-;-;1;375;57;673;70;-48;127.5;2018-08-04
2018-09-30;875;-756;119;27;110;104;395;698;667;212;2,783;-;-;1;369;174;785;90;-45;127.5;2018-11-04
2018-12-31;894;-732;162;12;73;108;460;748;665;425;3,14;-;-;81;496;303;1,133;107;-52;127.5;2019-02-19
2019-03-31;907;-728;180;50;82;120;528;846;661;386;3,435;-;-;209;607;296;1,42;19;-60;125.2;2019-05-05
2019-06-30;1,023;-912;111;-6;67;127;504;854;657;351;3,435;-;-;41;486;469;1,489;73;-65;125.2;2019-08-04
2019-09-30;996;-856;140;13;71;115;493;824;660;351;3,426;-;-;41;481;473;1,479;98;-61;125.2;2019-11-04
2019-12-31;1,016;-855;161;17;97;121;505;874;657;353;3,514;-;-;40;535;538;1,564;81;-85;125.2;2020-02-19
2020-03-31;1,023;-881;142;-4;86;136;519;920;669;361;3,675;-;-;44;520;726;1,759;-46;-86;124.3;2020-05-05
2020-06-30;1,095;-901;194;26;111;127;501;887;665;356;3,686;-;-;43;535;717;1,8;147;-92;124.3;2020-08-04
2020-09-30;1,057;-869;188;66;178;103;523;921;662;352;3,774;-;-;43;553;712;1,835;135;-75;124.3;2020-11-04
2020-12-31;1,129;-951;178;25;101;114;524;883;653;341;3,86;-;-;81;667;745;1,928;85;-179;124.3;2021-02-19
2021-03-31;1,053;-899;154;48;101;144;619;1,044;650;334;4,162;-;-;82;691;966;2,11;-30;-161;124.7;2021-05-05
2021-06-30;1,159;-971;188;9;59;163;561;941;648;374;4,204;-;-;46;620;1,122;2,178;30;-161;124.7;2021-08-04
2021-09-30;1,189;-1,007;182;44;73;168;564;943;651;374;4,317;-;-;44;665;1,158;2,25;137;-136;124.7;2021-11-04
2021-12-31;1,12;-978;142;2;162;120;548;937;659;365;4,386;-;-;37;669;1,247;2,35;168;-122;124.7;2022-02-19
2022-03-31;1,127;-1,012;115;14;66;144;668;1,029;656;360;4,554;-;-;43;664;1,352;2,46;-85;-97;123.6;2022-05-05
2022-06-30;1,195;-1,058;137;-55;93;144;637;1,041;662;361;4,595;-;-;39;660;1,513;2,575;16;-82;123.6;2022-08-04
2022-09-30;1,232;-1,118;114;-229;106;153;607;1,03;477;368;4,443;-;-;39;680;1,628;2,713;75;-79;123.6;2022-11-04
2022-12-31;1,186;-1,112;74;-41;91;128;630;1,046;477;361;4,443;-;-;39;634;1,709;2,78;42;-98;123.6;2023-02-19
2023-03-31;1,175;-1,097;78;-58;79;128;716;1,117;477;356;4,5;-;-;38;724;1,756;2,911;36;-49;121.8;2023-05-05
2023-06-30;1,27;-1,149;121;-54;157;173;635;1,164;477;350;4,555;-;-;436;1,008;1,566;3,002;-57;-56;121.8;2023-08-04
2023-09-30;1,245;-1,099;146;-4;205;160;659;1,211;477;352;4,614;-;-;437;1,048;1,575;3,067;115;-51;121.8;2023-11-04
2023-12-31;1,178;-1,052;127;-9;203;143;657;1,211;477;345;4,603;-;-;439;1,032;1,55;3,088;83;-42;121.8;2024-02-19