date;revenue;cogs;gross_profit;net_profit;cash;acc_rec;inventory;curr_assets;goodwill;intangible_assets;total_assets;acc_pay;short_term_debt;current_debt;curr_liab;long_term_debt;total_liab;cash_from_operating_activities;capex;shares;real_date
2003-03-31;367;-357;11;4;11;224;282;524;3;-;653;-;12;-;179;200;400;2;-4;42;2003-05-10
2003-06-30;340;-329;11;4;18;218;266;509;2;-;639;-;-;-;173;187;385;25;-6;42;2003-08-09
2003-09-30;393;-375;17;4;23;283;311;642;6;-;849;-;144;-;358;186;575;49;-10;42;2003-11-09
2003-12-31;408;-385;23;8;19;249;303;583;4;-;791;-;78;-;310;179;507;76;-15;42;2004-02-09
2004-03-31;512;-452;60;26;5;342;322;681;5;-;894;-;7;27;321;229;569;-23;-7;50;2004-05-10
2004-06-30;588;-497;91;51;18;357;368;750;8;-;963;-;19;-;338;235;592;34;-5;50;2004-08-09
2004-09-30;689;-590;99;58;-;407;466;879;8;-;1,088;-;32;-;419;221;665;-23;-6;50;2004-11-09
2004-12-31;623;-550;73;46;1;361;554;938;9;-;1,147;-;33;-;451;211;690;18;-7;50;2005-02-09
2005-03-31;694;-635;59;34;2;419;528;957;9;-;1,163;-;118;-;440;212;679;-78;-5;51;2005-05-10
2005-06-30;645;-605;39;23;4;385;511;908;9;-;1,112;-;69;-;372;215;613;61;-7;51;2005-08-09
2005-09-30;629;-587;43;26;20;377;445;848;9;-;1,05;-;20;-;304;203;541;82;-4;51;2005-11-09
2005-12-31;647;-586;61;42;47;360;474;888;9;-;1,095;-;2;-;323;204;557;77;-10;51;2006-02-09
2006-03-31;741;-679;61;37;256;412;520;1,194;9;-;1,403;-;-;-;339;204;568;-40;-7;60;2006-05-10
2006-06-30;686;-616;70;46;271;403;556;1,237;9;-;1,442;-;-;-;359;195;585;38;-7;60;2006-08-09
2006-09-30;672;-603;69;45;231;411;624;1,272;9;-;1,48;-;1;-;373;195;601;-5;-8;60;2006-11-09
2006-12-31;593;-545;49;31;210;329;664;1,212;9;-;1,422;-;-;-;299;204;528;5;-6;60;2007-02-09
2007-03-31;684;-638;46;29;207;385;640;1,24;1;-;1,442;-;-;-;323;197;552;23;-4;63;2007-05-10
2007-06-30;653;-604;49;29;207;361;640;1,218;9;-;1,418;-;-;-;301;181;524;26;-5;63;2007-08-09
2007-09-30;624;-578;47;28;104;406;592;1,111;54;-;1,409;-;-;-;296;177;523;50;-4;63;2007-11-09
2007-12-31;598;-561;38;24;182;342;573;1,109;53;-;1,408;-;-;1;298;175;524;111;-4;63;2008-02-09
2008-03-31;712;-660;52;29;200;416;567;1,189;55;-;1,486;-;-;1;363;182;589;48;-4;62;2008-05-10
2008-06-30;856;-735;121;79;236;478;621;1,34;55;-;1,637;-;-;1;463;180;691;70;-6;62;2008-08-09
2008-09-30;955;-810;145;92;174;542;747;1,468;56;-;1,763;-;7;1;567;188;797;16;-4;62;2008-11-09
2008-12-31;843;-410;433;29;45;429;925;1,414;72;-;1,751;-;65;1;517;218;771;-77;-8;62;2009-02-09
2009-03-31;642;-647;-4;-55;47;327;827;1,255;74;-;1,592;-;42;2;414;224;666;44;-4;61;2009-05-10
2009-06-30;463;-441;22;-25;114;244;644;1,073;68;-;1,398;-;44;1;294;206;538;81;-3;61;2009-08-09
2009-09-30;434;-351;83;13;120;238;558;976;64;-;1,293;-;-;1;224;189;462;72;-8;61;2009-11-09
2009-12-31;433;-369;64;-25;360;218;518;1,153;28;-;1,436;-;-;1;255;341;643;94;-4;61;2010-02-09
2010-03-31;527;-431;96;16;311;292;467;1,131;28;-;1,401;-;-;1;262;336;614;4;-1;60;2010-05-10
2010-06-30;507;-399;108;25;284;280;538;1,154;28;-;1,424;-;-;1;271;336;623;-14;-2;60;2010-08-09
2010-09-30;583;-476;107;8;318;316;546;1,186;28;-;1,45;-;-;1;306;331;652;66;-5;60;2010-11-09
2010-12-31;562;-458;104;15;174;299;544;1,175;25;-;1,417;-;-;1;23;319;644;30;-4;60;2011-02-09
2011-03-31;658;-519;138;33;286;381;549;1,222;24;-;1,459;-;-;1;326;315;672;-20;-4;67;2011-05-10
2011-06-30;619;-485;134;31;225;348;632;1,211;24;-;1,449;-;-;1;320;299;648;-21;-5;67;2011-08-09
2011-09-30;705;-578;127;26;121;394;653;1,279;25;-;1,516;-;-;1;17;302;688;22;-3;67;2011-11-09
2011-12-31;712;-586;126;29;218;380;646;1,304;18;6;1,538;-;-;1;25;294;719;75;-5;67;2012-02-09
2012-03-31;803;-659;144;33;135;452;692;1,31;18;6;1,549;-;-;1;381;295;720;-78;-12;67;2012-05-10
2012-06-30;719;-588;131;22;249;395;723;1,398;37;14;1,689;-;-;1;352;448;880;44;-9;67;2012-08-09
2012-09-30;713;-590;123;22;239;410;723;1,391;37;13;1,68;-;-;1;353;449;859;4;-6;67;2012-11-09
2012-12-31;766;-640;126;20;115;450;764;1,35;111;81;1,795;-;14;2;413;454;967;105;-7;67;2013-02-09
2013-03-31;822;-678;144;22;138;472;772;1,401;112;80;1,845;-;25;2;438;455;993;25;-7;61;2013-05-10
2013-06-30;758;-621;137;20;161;418;771;1,366;112;79;1,809;-;22;2;391;455;940;55;-7;61;2013-08-09
2013-09-30;797;-657;140;19;139;461;734;1,351;114;79;1,792;-;15;1;381;453;931;20;-6;61;2013-11-09
2013-12-31;811;-669;142;23;116;448;766;1,351;127;92;1,818;-;-;1;386;454;937;42;-8;61;2014-02-09
2014-03-31;924;-752;172;29;86;550;773;1,419;127;90;1,884;-;-;1;437;456;983;8;-5;68;2014-05-10
2014-06-30;893;-721;172;31;52;512;862;1,437;127;88;1,9;-;-;1;447;457;992;-16;-11;68;2014-08-09
2014-09-30;1,039;-855;184;33;28;623;872;1,543;128;87;2,02;-;-;1;529;459;1,08;7;-22;68;2014-11-09
2014-12-31;1,013;-838;175;31;53;565;931;1,568;129;86;2,043;-;24;1;539;459;1,078;29;-11;68;2015-02-09
2015-03-31;904;-747;157;19;16;500;967;1,499;130;85;1,982;-;32;1;448;461;985;-5;-8;61.7;2015-05-10
2015-06-30;761;-628;134;16;28;446;924;1,418;129;87;1,901;-;25;1;380;462;914;79;-10;61.7;2015-08-09
2015-09-30;773;-646;128;13;94;444;829;1,386;130;85;1,877;-;14;170;500;294;868;104;-11;61.7;2015-11-09
2015-12-31;673;-605;68;-135;143;326;713;1,224;28;64;1,607;-;94;1;398;295;738;188;-9;61.7;2016-02-09
2016-03-31;662;-535;127;8;141;330;678;1,174;27;63;1,542;-;76;1;379;295;723;49;-3;62;2016-05-10
2016-06-30;624;-494;130;16;163;335;681;1,206;27;61;1,569;-;93;1;409;295;762;35;-4;62;2016-08-09
2016-09-30;639;-511;128;16;193;345;635;1,202;27;60;1,557;-;115;0;409;295;751;34;-5;62;2016-11-09
2016-12-31;654;-537;117;23;182;359;616;1,172;27;59;1,509;-;35;0;354;296;683;55;-5;62;2017-02-09
2017-03-31;804;-641;162;30;169;466;628;1,276;27;57;1,611;-;78;0;453;296;781;-25;-6;62;2017-05-10
2017-06-30;817;-648;168;33;164;439;716;1,334;27;55;1,665;-;127;0;508;296;846;-18;-9;62;2017-08-09
2017-09-30;851;-681;170;34;146;511;776;1,454;36;56;1,797;-;185;0;645;296;977;-13;-8;62;2017-11-09
2017-12-31;825;-662;163;28;126;446;820;1,414;36;54;1,759;-;208;0;595;296;932;-12;-14;62;2018-02-09
2018-03-31;931;-737;195;39;136;549;870;1,577;37;53;1,924;-;116;0;585;443;1,065;-10;-11;62;2018-05-10
2018-06-30;978;-739;239;66;117;557;1,009;1,698;37;52;2,058;-;132;-;664;443;1,14;28;-9;62;2018-08-09
2018-09-30;1,14;-899;241;68;73;661;1,03;1,779;37;50;2,141;-;167;-;708;443;1,183;-41;-12;62;2018-11-09
2018-12-31;1,115;-905;210;46;124;568;1,053;1,764;37;49;2,127;-;129;-;645;444;1,122;111;-10;62;2019-02-09
2019-03-31;1,033;-842;190;34;107;589;1,032;1,748;37;47;2,199;-;154;15;636;444;1,212;-6;-5;62;2019-05-10
2019-06-30;937;-761;176;31;98;532;1,008;1,668;37;46;2,116;-;136;15;558;444;1,136;50;-9;62;2019-08-09
2019-09-30;869;-717;152;18;129;505;964;1,628;37;44;2,075;-;135;16;516;444;1,091;65;-10;62;2019-11-09
2019-12-31;837;-715;122;-7;16;458;884;1,395;51;86;1,925;-;62;17;406;445;980;141;-11;62;2020-02-09
2020-03-31;815;-662;152;11;52;475;907;1,476;53;88;2,011;-;51;18;455;445;1,03;68;-7;62;2020-05-10
2020-06-30;588;-478;110;5;89;321;862;1,31;52;84;1,825;-;11;18;313;445;894;116;-5;62;2020-08-09
2020-09-30;615;-498;117;18;122;347;790;1,286;51;80;1,788;-;-;18;297;446;870;81;-6;62;2020-11-09
2020-12-31;671;-531;139;-9;26;344;716;1,12;39;70;1,596;-;-;17;315;294;732;106;-6;62;2021-02-09
2021-03-31;885;-630;255;81;92;469;720;1,311;39;68;1,794;-;-;16;447;294;862;96;-6;62.7;2021-05-10
2021-06-30;1,068;-740;328;118;175;530;773;1,505;39;65;1,988;-;-;16;539;294;959;110;-7;62.7;2021-08-09
2021-09-30;1,108;-778;330;132;337;550;787;1,695;39;64;2,216;-;-;15;632;295;1,051;106;-8;62.7;2021-11-09
2021-12-31;1,147;-848;299;102;133;554;986;1,72;49;83;2,315;-;-;16;640;295;1,066;-7;-9;62.7;2022-02-09
2022-03-31;1,339;-1,048;290;99;146;663;894;1,742;49;80;2,354;-;-;14;593;295;1,032;43;-8;63;2022-05-10
2022-06-30;1,362;-1,018;345;124;187;658;1,025;1,918;49;79;2,532;-;-;15;653;295;1,087;69;-8;63;2022-08-09
2022-09-30;1,27;-996;274;91;204;670;1,05;1,97;51;79;2,599;-;-;15;614;296;1,054;42;-10;63;2022-11-09
2022-12-31;1,1;-882;218;58;363;498;957;1,87;51;76;2,507;-;-;15;502;296;948;207;-15;63;2023-02-09
2023-03-31;1,187;-926;260;74;401;604;941;1,988;51;73;2,631;-;-;15;563;296;1,014;67;-14;61.57;2023-05-10
2023-06-30;1,19;-914;275;85;450;582;948;2,01;50;70;2,647;-;-;15;575;297;1,028;131;-15;61.57;2023-08-09
2023-09-30;1,11;-885;224;61;569;557;883;2,031;51;69;2,632;-;-;15;517;297;973;115;-15;61.57;2023-11-09
2023-12-31;1,019;-802;217;47;629;457;840;1,961;51;69;2,57;-;-;16;474;297;930;149;-28;61.57;2024-02-09