date;revenue;cogs;gross_profit;net_profit;cash;acc_rec;inventory;curr_assets;goodwill;intangible_assets;total_assets;acc_pay;short_term_debt;current_debt;curr_liab;long_term_debt;total_liab;cash_from_operating_activities;capex;shares;real_date
1999-06-30;415;-;415;21;-;-;-;408;272;-;1,094;-;-;-;272;306;631;20;-17;409.68;1999-08-04
1999-09-30;495;-;495;24;-;-;-;474;463;-;1,448;-;-;-;331;458;864;35;-17;409.68;1999-11-04
1999-12-31;497;-;497;26;-;-;-;390;474;-;1,363;-;-;-;244;471;762;47;-12;409.68;2000-02-09
2000-03-31;454;-;454;29;-;-;-;414;475;-;1,411;-;-;-;243;461;782;64;-7;409.68;2000-06-09
2000-06-30;480;-;480;27;-;-;-;423;477;-;1,412;-;-;-;258;422;749;26;-7;409.68;2000-08-04
2000-09-30;504;-;504;28;-;-;-;431;479;-;1,427;-;-;-;269;397;738;83;-10;409.68;2000-11-04
2000-12-31;490;-;490;22;-;-;-;417;474;-;1,406;-;-;-;239;385;701;31;-10;409.68;2001-02-09
2001-03-31;688;-;688;32;6;279;376;698;593;-;2,013;-;11;95;455;701;1,265;94;-17;409.68;2001-06-09
2001-06-30;873;-;873;40;10;276;398;718;583;-;2,009;-;1;110;470;661;1,239;33;-12;409.68;2001-08-04
2001-09-30;893;-;893;41;15;288;405;736;569;-;2,057;-;10;105;468;652;1,232;57;-18;409.68;2001-11-04
2001-12-31;857;-;857;35;19;281;389;717;571;-;2,041;-;6;100;437;631;1,182;56;-13;411.16;2002-02-09
2002-03-31;834;-;834;43;5;273;407;714;572;-;2,047;-;29;103;455;573;1,146;54;-21;411.16;2002-06-09
2002-06-30;874;-;874;41;6;265;387;686;559;-;1,987;-;9;105;409;526;1,057;57;-15;414.36;2002-08-04
2002-09-30;862;-;862;42;20;271;380;697;570;-;2,021;-;2;108;426;494;1,048;97;-17;414.36;2002-11-04
2002-12-31;855;-;855;43;-;283;372;677;568;-;1,987;-;25;110;394;464;984;2;-15;414.36;2003-02-09
2003-03-31;807;-;807;48;-;239;393;688;551;-;1,971;-;19;110;418;411;954;69;-23;414.36;2003-06-09
2003-06-30;817;-;817;46;8;237;393;684;557;-;1,962;-;74;110;444;354;925;44;-26;414.36;2003-08-04
2003-09-30;916;-;916;58;-;263;398;693;559;-;1,979;-;38;99;442;339;903;105;-20;414.36;2003-11-04
2003-12-31;892;-;892;50;-;290;401;709;551;-;2,027;-;97;71;470;328;921;63;-23;414.36;2004-02-09
2004-03-31;946;-;946;58;8;287;421;754;525;26;2,07;-;82;44;456;328;913;75;-21;414.36;2004-06-09
2004-06-30;1,019;-;1,019;58;-;300;473;804;527;26;2,125;-;88;16;449;331;912;19;-16;422.8;2004-08-04
2004-09-30;1,005;-;1,005;56;-;294;456;777;516;25;2,074;-;58;-;391;316;837;97;-19;422.8;2004-11-04
2004-12-31;942;-;942;58;14;304;442;781;506;24;2,063;-;31;-;370;301;798;81;-25;422.8;2005-02-09
2005-03-31;917;-;917;60;41;300;453;836;507;24;2,133;-;15;-;383;303;817;72;-22;422.8;2005-06-09
2005-06-30;1,007;-;1,007;54;15;313;501;869;562;24;2,236;-;16;-;430;307;865;61;-15;422;2005-08-04
2005-09-30;1,031;-;1,031;55;59;309;489;899;550;23;2,236;-;25;-;430;290;847;88;-20;422;2005-11-04
2005-12-31;1,015;-;1,015;45;97;322;469;924;552;23;2,272;-;42;35;499;257;884;91;-27;422;2006-02-09
2006-03-31;970;-;970;38;92;302;453;892;544;31;2,254;-;42;35;468;257;851;60;-34;422;2006-06-09
2006-06-30;981;-;981;53;110;310;433;892;535;30;2,236;-;39;33;471;246;835;69;-18;417.8;2006-08-04
2006-09-30;994;-;994;58;128;314;432;909;542;30;2,275;-;41;34;475;246;840;97;-24;417.8;2006-11-04
2006-12-31;1,017;-;1,017;64;121;340;443;939;552;31;2,326;-;36;-;461;256;842;86;-18;417.8;2007-02-09
2007-03-31;1,009;-;1,009;63;277;325;446;1,091;547;32;2,488;-;139;-;570;254;955;92;-17;417.8;2007-06-09
2007-06-30;1,227;-;1,227;68;-;404;492;940;530;39;2,503;-;135;-;675;234;1,036;13;-18;416.6;2007-08-04
2007-09-30;1,289;-;1,289;63;18;407;484;946;517;37;2,458;-;162;-;637;219;979;82;-24;416.6;2007-11-04
2007-12-31;1,277;-;1,277;82;3;431;502;969;516;38;2,487;-;91;-;616;218;949;110;-28;416.6;2008-02-09
2008-03-31;1,266;-;1,266;75;166;409;534;1,18;523;38;2,733;-;223;-;763;226;1,114;87;-32;416.6;2008-06-09
2008-06-30;1,362;-;1,362;83;27;429;610;1,121;585;38;2,813;-;188;-;758;224;1,123;72;-25;416.34;2008-08-04
2008-09-30;1,454;-;1,454;69;15;480;561;1,11;597;38;2,839;-;136;-;686;234;1,069;111;-27;416.34;2008-11-04
2008-12-31;1,518;-;1,518;58;-;555;592;1,214;746;328;3,553;-;244;207;1,074;401;1,65;75;-31;416.34;2009-02-09
2009-03-31;1,46;-;1,46;69;44;427;584;1,127;760;328;3,499;-;139;214;958;403;1,527;209;-39;416.34;2009-06-09
2009-06-30;1,446;-;1,446;85;37;412;574;1,082;735;324;3,376;-;71;198;878;388;1,424;102;-26;418.2;2009-08-04
2009-09-30;1,483;-;1,483;95;17;426;548;1,052;732;321;3,31;-;54;182;839;384;1,381;157;-31;418.2;2009-11-04
2009-12-31;1,497;-;1,497;104;17;384;559;1,02;726;319;3,257;-;118;15;725;383;1,262;164;-24;418.2;2010-02-09
2010-03-31;1,384;-;1,384;99;55;367;567;1,046;717;317;3,253;-;62;-;691;381;1,225;161;-26;418.2;2010-06-09
2010-06-30;1,436;-;1,436;113;124;381;614;1,218;730;316;3,423;-;33;-;713;383;1,259;115;-31;407.28;2010-08-04
2010-09-30;1,551;-;1,551;126;149;427;590;1,266;720;314;3,441;-;30;-;722;381;1,269;162;-29;407.28;2010-11-04
2010-12-31;1,535;-;1,535;112;180;433;581;1,299;711;312;3,439;-;28;-;760;380;1,312;179;-26;407.28;2011-02-09
2011-03-31;1,481;-;1,481;100;77;461;662;1,291;844;339;3,578;-;171;-;944;378;1,506;132;-26;407.28;2011-06-09
2011-06-30;1,639;-;1,639;127;19;494;715;1,271;844;338;3,549;-;101;-;838;378;1,4;15;-20;308.38;2011-08-04
2011-09-30;1,791;-;1,791;127;64;509;725;1,342;880;341;3,699;-;172;-;893;382;1,475;175;-24;308.38;2011-11-04
2011-12-31;1,797;-;1,797;130;106;501;736;1,392;866;338;3,72;-;164;-;914;381;1,496;171;-34;308.38;2012-02-09
2012-03-31;1,704;-;1,704;-3;144;488;713;1,4;734;335;3,599;-;167;-;903;380;1,493;162;-40;308.38;2012-06-09
2012-06-30;1,698;-;1,698;122;173;470;703;1,388;742;335;3,609;-;124;-;838;381;1,433;145;-30;378;2012-08-04
2012-09-30;1,745;-;1,745;130;143;496;675;1,357;727;332;3,54;-;79;-;783;379;1,383;185;-30;378;2012-11-04
2012-12-31;1,801;-;1,801;130;274;464;693;1,483;732;331;3,69;-;135;-;822;380;1,43;156;-38;378;2013-02-09
2013-03-31;2,053;-;2,053;101;43;625;770;1,512;1,57;455;5,194;-;182;152;1,226;1,396;2,888;160;-81;378;2013-06-09
2013-06-30;2,174;-1,521;653;137;28;618;823;1,544;1,614;458;5,331;-;205;268;1,375;1,254;2,909;120;-50;395.3;2013-08-04
2013-09-30;2,23;-1,573;657;133;35;606;802;1,517;1,588;451;5,25;-;247;265;1,349;1,212;2,857;182;-47;395.3;2013-11-04
2013-12-31;2,343;-1,662;682;144;85;647;801;1,614;1,632;453;5,482;-;220;323;1,485;1,123;2,927;210;-46;395.3;2014-02-09
2014-03-31;2,486;-1,762;724;120;39;807;933;1,895;1,955;485;6,357;-;310;394;1,725;1,396;3,581;145;-80;395.3;2014-06-09
2014-06-30;2,621;-1,904;717;145;48;796;913;1,864;1,927;488;6,277;-;334;274;1,571;1,451;3,488;110;-32;397.2;2014-08-04
2014-09-30;2,701;-1,95;751;156;50;837;981;1,971;1,986;492;6,506;-;347;279;1,611;1,398;3,51;201;-42;397.26;2014-11-04
2014-12-31;2,822;-2,054;768;155;47;803;973;1,961;2,03;495;6,623;-;200;221;1,363;1,57;3,461;182;-55;397.26;2015-02-09
2015-03-31;2,514;-1,781;733;157;73;785;1,006;1,963;2,125;506;6,8;-;170;53;1,179;1,517;3,239;276;-58;397.26;2015-06-09
2015-06-30;2,564;-1,815;750;136;177;788;1,128;2,175;2,123;499;6,992;-;165;350;1,475;1,354;3,381;135;-47;397.77;2015-08-04
2015-09-30;2,792;-1,984;809;149;219;824;1,155;2,275;2,202;528;7,298;-;191;244;1,349;1,452;3,393;193;-49;397.77;2015-11-04
2015-12-31;2,901;-2,032;869;175;306;884;1,171;2,455;2,317;576;7,711;-;230;245;1,451;1,453;3,528;224;-84;397.77;2016-02-09
2016-03-31;2,734;-1,902;833;141;164;838;1,077;2,175;2,194;587;7,172;-;178;245;1,357;1,208;3,171;296;-53;397.77;2016-06-09
2016-06-30;2,631;-1,79;841;177;382;769;1,036;2,254;2,177;595;7,243;-;105;24;1,054;1,499;3,151;348;-79;396.03;2016-08-04
2016-09-30;2,845;-1,964;882;192;331;822;1,078;2,317;2,213;618;7,387;-;64;-;1,053;1,413;3,122;255;-68;396.03;2016-11-04
2016-12-31;2,966;-2,058;908;197;434;885;1,106;2,5;2,242;641;7,65;-;90;-;1,157;1,5;3,334;258;-74;396.03;2017-02-09
2017-03-31;2,72;-1,864;856;165;251;863;1,173;2,381;2,241;662;7,597;-;94;-;1,193;1,5;3,274;212;-101;396.03;2017-06-09
2017-06-30;2,892;-1,958;935;200;131;904;1,19;2,29;2,192;667;7,423;-;121;-;1,116;1,4;3,091;120;-94;391.17;2017-08-04
2017-09-30;2,884;-1,987;897;185;181;960;1,231;2,438;2,15;669;7,531;-;175;4;1,233;1,422;3,226;168;-94;391.17;2017-11-04
2017-12-31;3,022;-2,123;899;337;124;986;1,266;2,521;2,368;809;7,998;-;370;4;1,476;1,421;3,381;203;-80;391.17;2018-02-09
2018-03-31;2,744;-1,894;850;130;122;945;1,235;2,423;2,417;823;8,003;-;193;4;1,293;1,421;3,205;318;-76;391.17;2018-06-09
2018-06-30;3,268;-2,219;1,049;126;100;1,222;1,601;3,284;2,513;888;9,694;-;151;404;1,989;2,304;4,804;156;-84;391.25;2018-08-04
2018-09-30;3,42;-2,31;1,111;163;91;1,18;1,615;3,007;2,482;855;9,339;-;157;4;1,544;2,381;4,468;249;-94;391.25;2018-11-04
2018-12-31;3,577;-2,428;1,149;342;146;1,263;1,735;3,242;2,651;892;10,05;-;200;309;2,026;2;4,596;251;-116;391.25;2019-02-09
2019-03-31;3,237;-2,213;1,024;124;113;1,248;1,681;3,134;2,598;876;9,886;-;130;323;1,932;1,944;4,465;244;-142;391.25;2019-06-09
2019-06-30;3,668;-2,503;1,166;121;114;1,368;1,998;3,562;3,169;1,508;12,613;-;185;938;2,762;3,354;7,269;242;-145;402.45;2019-08-04
2019-09-30;3,666;-2,459;1,207;175;173;1,231;2,046;3,537;3,198;1,463;12,55;-;245;389;2,125;3,234;6,489;180;-101;402.45;2019-11-04
2019-12-31;3,891;-2,622;1,269;198;243;1,347;2,25;3,931;3,1;1,616;13,181;-;460;89;2,32;3,556;7,031;342;-127;402.45;2020-02-09
2020-03-31;3,719;-2,598;1,121;89;319;1,372;2,221;4,069;3,22;1,641;13,793;-;529;75;2,494;3,542;7,234;299;-204;402.45;2020-06-09
2020-06-30;3,391;-2,214;1,176;142;536;1,281;2,291;4,225;3,15;1,57;13,609;-;217;377;2,487;3,513;7,177;339;-79;411.38;2020-08-04
2020-09-30;3,702;-2,523;1,18;171;646;1,164;2,299;4,196;3,172;1,565;13,621;-;214;377;2,445;3,421;7,121;378;-91;411.38;2020-11-04
2020-12-31;3,763;-2,518;1,245;210;506;1,145;2,375;4,141;3,101;1,541;13,37;-;203;382;2,404;3,258;6,899;221;-101;411.38;2021-02-09
2021-03-31;3,438;-2,32;1,118;103;309;1,217;2,294;3,948;3,066;1,517;13,123;-;76;375;2,146;3,278;6,679;155;-162;411.38;2021-06-09
2021-06-30;3,488;-2,358;1,13;53;156;1,194;2,303;3,76;3,145;1,507;13,075;-;277;667;2,569;2,808;6,704;147;-96;414.14;2021-08-04
2021-09-30;3,689;-2,523;1,166;98;222;1,294;2,329;3,945;3,227;1,519;13,485;-;434;369;2,557;3,085;6,996;273;-101;414.14;2021-11-04
2021-12-31;3,901;-2,656;1,245;86;163;1,373;2,483;4,192;3,221;1,439;13,673;-;403;366;2,633;3,08;7,077;116;-87;414.14;2022-02-09
2022-03-31;3,957;-2,817;1,14;37;165;1,5;2,503;4,295;3,188;1,371;13,683;-;419;365;2,78;3,075;7,178;196;-214;414.14;2022-06-09
2022-06-30;4,327;-3,054;1,273;139;230;1,512;2,505;4,345;3,199;1,315;13,702;-;776;58;2,783;3,03;7,132;148;-75;419.23;2022-08-04
2022-09-30;4,461;-3,116;1,345;145;270;1,653;2,624;4,648;3,332;1,303;14,172;-;665;68;2,912;2,974;7,236;369;-112;419.23;2022-11-04
2022-12-31;4,587;-3,141;1,446;179;185;1,682;2,917;4,878;3,339;1,305;14,375;-;345;372;2,934;2,981;7,282;147;-142;419.23;2023-02-09
2023-03-31;4,468;-3,107;1,361;159;263;1,621;2,872;4,851;3,338;1,283;14,425;-;356;398;3,002;2,944;7,285;436;-312;419.23;2023-06-09
2023-06-30;4,207;-2,887;1,32;141;376;1,272;2,895;4,656;3,296;1,248;14,141;-;418;394;2,844;2,91;7,076;298;-160;422.31;2023-08-04
2023-09-30;4,323;-2,933;1,39;156;339;1,363;2,988;4,802;3,333;1,213;14,345;-;442;408;2,931;2,883;7,161;157;-149;423.06;2023-11-04
2023-12-31;4,267;-2,96;1,307;-124;429;1,347;2,913;4,816;3,046;1,186;13,983;-;446;506;3,106;2,699;7,13;378;-142;423.5;2024-02-04