date;revenue;cogs;gross_profit;net_profit;cash;acc_rec;inventory;curr_assets;goodwill;intangible_assets;total_assets;acc_pay;short_term_debt;current_debt;curr_liab;long_term_debt;total_liab;cash_from_operating_activities;capex;shares;real_date
2007-03-31;192;-83;109;15;43;164;48;285;251;20;653;-;5;5;131;45;228;-142;-6;91.16;2007-05-10
2007-06-30;216;-95;121;18;22;183;63;296;258;23;679;-;-;5;160;45;259;-136;-5;91.16;2007-08-09
2007-09-30;207;-91;116;17;12;199;56;296;252;22;678;-;1;6;175;30;259;-124;-7;91.16;2007-11-09
2007-12-31;216;-92;124;19;14;271;-;323;333;32;814;-;-;22;233;75;371;-134;-9;91.16;2008-02-29
2008-03-31;255;-115;140;17;4;343;-;399;417;43;996;-;2;35;218;237;527;-54;-9;91.16;2008-05-10
2008-06-30;289;-128;162;22;26;339;-;415;416;41;1,017;-;-;37;241;218;530;55;-11;91.16;2008-08-09
2008-09-30;289;-127;162;-30;14;342;-;398;393;38;987;-;-;39;259;192;523;55;-9;91.16;2008-11-09
2008-12-31;297;-132;165;20;104;332;-;481;447;53;1,145;-;-;34;300;215;606;104;-7;91.16;2009-03-01
2009-03-31;343;-150;194;21;21;390;-;455;544;60;1,248;-;-;42;278;306;683;-31;-8;91.08;2009-05-10
2009-06-30;318;-141;177;22;14;391;-;455;521;60;1,222;-;-;45;262;294;654;4;-5;91.08;2009-08-09
2009-09-30;307;-134;173;-10;15;379;-;439;465;57;1,143;-;-;39;280;230;609;63;-2;91.08;2009-11-09
2009-12-31;275;-119;156;23;15;349;-;409;469;64;1,124;-;-;35;284;199;576;64;-2;91.08;2010-03-01
2010-03-31;297;-132;165;16;17;350;-;412;458;68;1,109;-;-;43;254;205;561;-10;-6;91.38;2010-05-10
2010-06-30;304;-135;169;24;31;365;-;436;475;63;1,164;-;4;46;247;217;585;23;-6;91.38;2010-08-09
2010-09-30;315;-138;177;31;37;408;-;488;519;71;1,277;-;4;49;310;245;678;44;-10;91.38;2010-11-09
2010-12-31;311;-133;177;23;60;394;-;501;548;72;1,337;-;-;46;324;276;722;56;-4;91.38;2011-03-01
2011-03-31;337;-149;188;24;12;396;-;464;544;71;1,292;-;1;45;287;259;665;-13;-5;91.28;2011-05-10
2011-06-30;342;-154;189;26;4;438;-;493;560;70;1,338;-;5;46;286;276;687;3;-7;91.28;2011-08-09
2011-09-30;351;-156;195;29;7;474;-;536;592;70;1,424;-;7;51;333;248;720;63;-4;91.28;2011-11-09
2011-12-31;348;-156;192;-66;34;439;-;529;509;72;1,327;-;-;60;328;237;700;62;-6;91.28;2012-02-29
2012-03-31;371;-169;202;25;12;462;-;524;502;77;1,317;-;6;32;293;249;674;-2;-5;91.5;2012-05-10
2012-06-30;396;-181;215;31;9;495;-;561;521;74;1,373;-;7;35;303;256;698;24;-7;91.5;2012-08-09
2012-09-30;397;-179;219;34;16;519;-;588;551;79;1,433;-;-;50;355;245;739;82;-8;91.5;2012-11-09
2012-12-31;391;-172;219;31;41;497;-;583;567;86;1,464;-;-;43;341;256;737;77;-3;91.5;2013-03-01
2013-03-31;427;-197;230;28;23;530;-;614;573;84;1,501;-;-;45;340;255;738;1;-11;92.52;2013-05-10
2013-06-30;469;-215;254;36;18;566;-;644;588;83;1,561;-;-;45;344;250;754;39;-17;92.52;2013-08-09
2013-09-30;485;-222;263;46;56;591;-;713;581;77;1,626;-;-;34;409;-;784;112;-15;92.52;2013-11-09
2013-12-31;451;-197;255;36;140;520;-;726;595;79;1,668;-;-;37;407;-;776;121;-10;92.52;2014-03-01
2014-03-31;481;-220;262;34;118;562;-;757;659;90;1,783;-;-;51;400;265;844;-4;-13;93.54;2014-05-10
2014-06-30;530;-240;290;44;115;621;-;808;688;93;1,883;-;-;55;417;319;919;19;-15;93.54;2014-08-09
2014-09-30;544;-246;298;49;84;662;-;813;727;94;1,946;-;-;61;482;236;913;97;-9;93.54;2014-11-09
2014-12-31;520;-231;289;38;152;613;-;844;761;97;2,011;104;-;56;475;3;924;96;-6;93.54;2015-03-01
2015-03-31;592;-265;327;38;26;767;-;887;856;131;2,212;-;16;72;460;364;1,047;-88;-13;94.14;2015-05-10
2015-06-30;594;-273;321;43;20;778;-;894;856;122;2,218;-;4;134;541;245;1,021;61;-6;94.14;2015-08-09
2015-09-30;620;-282;338;50;53;799;-;945;897;119;2,311;-;-;134;556;246;1,043;84;-9;94.14;2015-11-09
2015-12-31;567;-261;307;25;66;788;-;951;967;138;2,342;-;-;133;632;213;1,019;149;-9;94.14;2016-02-29
2016-03-31;629;-290;339;31;44;747;-;901;987;158;2,334;-;7;142;565;356;1,065;-10;-15;107;2016-05-10
2016-06-30;777;-360;417;21;152;1,172;-;1,542;1,744;422;4,096;-;-;84;965;1,023;2,236;31;-11;107;2016-08-09
2016-09-30;872;-399;473;49;140;1,25;-;1,587;1,801;415;4,208;-;20;106;1,05;979;2,279;59;-17;107;2016-11-09
2016-12-31;820;-373;447;30;207;1,163;-;1,583;1,828;450;4,285;-;-;92;1,073;929;2,309;205;-15;107;2017-03-01
2017-03-31;871;-402;469;-58;190;1,164;-;1,852;1,618;327;4,237;-;-;268;1,18;787;2,343;-27;-15;113.99;2017-05-10
2017-06-30;888;-413;476;98;200;1,203;-;1,608;1,582;300;3,92;-;-;201;1,135;601;2,008;104;-14;113.99;2017-08-09
2017-09-30;853;-395;458;46;194;1,229;-;1,615;1,548;277;3,884;-;-;197;1,111;613;2,002;42;-15;113.99;2017-11-09
2017-12-31;562;-202;360;11;235;1,161;-;1,608;1,557;262;3,881;-;-;198;1,153;541;1,985;145;-17;113.99;2018-03-01
2018-03-31;809;-368;440;37;207;1,212;-;1,623;1,599;276;3,986;-;3;194;1,038;715;2,045;-123;-21;113.16;2018-05-10
2018-06-30;863;-393;470;58;214;1,312;-;1,722;1,641;269;4,141;-;22;51;1,019;860;2,164;82;-31;113.16;2018-08-09
2018-09-30;848;-392;455;56;166;1,374;-;1,709;1,614;269;4,114;-;-;49;1,023;895;2,212;58;-31;113.16;2018-11-09
2018-12-31;836;-386;449;21;177;1,219;-;1,636;1,621;248;4,01;-;-;49;859;885;2,103;155;-43;113.16;2019-03-01
2019-03-31;904;-416;489;45;89;1,288;-;1,583;1,689;276;4,626;-;43;103;831;1,042;2,765;-90;-21;111.21;2019-05-10
2019-06-30;954;-436;518;49;102;1,314;-;1,597;1,659;254;4,562;-;-;122;866;999;2,711;160;-18;111.21;2019-08-09
2019-09-30;953;-437;516;58;149;1,337;-;1,649;1,663;236;4,625;-;-;145;933;963;2,737;138;-11;111.21;2019-11-09
2019-12-31;901;-415;486;42;208;1,229;-;1,58;1,652;220;4,562;-;20;147;1,006;814;2,686;245;-7;111.21;2020-02-29
2020-03-31;955;-449;507;30;151;1,321;-;1,623;1,725;211;4,679;-;27;138;924;856;2,678;-43;-9;111.99;2020-05-10
2020-06-30;951;-461;490;53;260;1,251;-;1,66;1,709;198;4,666;-;-;145;976;786;2,637;251;-7;111.99;2020-08-09
2020-09-30;917;-437;479;62;226;1,211;-;1,603;1,686;183;4,504;-;32;146;997;605;2,453;164;-7;111.99;2020-11-09
2020-12-31;862;-407;455;15;283;1,112;-;1,565;1,674;182;4,389;-;5;150;987;634;2,46;233;-8;111.99;2021-03-01
2021-03-31;879;-414;464;51;241;1,082;-;1,498;1,685;213;4,361;-;-;168;940;637;2,406;56;-8;111.67;2021-05-10
2021-06-30;908;-426;482;63;198;1,134;-;1,524;1,681;207;4,372;-;9;313;1,152;507;2,458;78;-9;111.67;2021-08-09
2021-09-30;933;-426;507;70;204;1,213;-;1,583;1,707;200;4,458;-;14;300;1,171;497;2,446;101;-15;111.67;2021-11-09
2021-12-31;916;-410;507;17;184;1,28;-;1,664;2,184;373;5,226;-;7;175;1,179;1,194;3,225;162;-14;111.67;2022-03-01
2022-03-31;1,05;-483;567;45;192;1,327;-;1,725;2,172;348;5,182;-;21;141;1,137;1,246;3,195;6;-13;110.92;2022-05-10
2022-06-30;1,117;-514;603;61;169;1,437;-;1,84;2,233;346;5,319;-;43;154;1,197;1,348;3,311;-4;-13;110.92;2022-08-09
2022-09-30;1,16;-533;627;68;139;1,625;-;1,959;2,348;335;5,605;-;32;145;1,292;1,331;3,408;93;-15;110.92;2022-11-09
2022-12-31;1,13;-510;621;74;140;1,625;-;1,938;2,346;320;5,653;-;65;151;1,41;1,184;3,367;210;-27;110.92;2023-03-01
2023-03-31;1,229;-569;660;65;132;1,659;-;1,948;2,34;295;5,637;-;56;122;1,315;1,232;3,304;37;-20;112.04;2023-05-10
2023-06-30;1,279;-585;694;88;228;1,802;-;2,231;2,378;301;5,986;-;35;255;1,522;1,41;3,645;31;-20;112.04;2023-08-09
2023-09-30;1,317;-596;721;104;172;1,903;-;2,251;2,409;291;6,088;-;28;250;1,622;1,258;3,625;213;-40;112.04;2023-11-09
2023-12-31;1,242;-573;670;74;194;1,729;-;2,273;2,384;266;6,077;-;24;248;1,616;982;3,32;264;-20;112.04;2024-02-29