date;revenue;cogs;gross_profit;net_profit;cash;acc_rec;inventory;curr_assets;goodwill;intangible_assets;total_assets;acc_pay;short_term_debt;current_debt;curr_liab;long_term_debt;total_liab;cash_from_operating_activities;capex;shares;real_date
2005-03-31;110;-63;48;-10;19;67;-;98;402;83;1,475;32;-;31;112;324;938;-13;-14;33.21;2005-04-25
2005-06-30;146;-81;65;9;11;72;-;93;402;78;1,458;38;-;29;118;323;862;42;-27;33.21;2005-08-04
2005-09-30;152;-86;66;7;12;81;-;106;411;77;1,499;39;-;31;127;348;912;33;-21;33.21;2005-10-25
2005-12-31;152;-87;65;6;12;70;-;93;401;73;1,478;44;-;26;126;362;836;41;-25;33.21;2006-02-14
2006-03-31;155;-90;65;5;3;75;-;90;404;68;1,465;40;-;-;92;405;827;21;-22;50.85;2006-04-25
2006-06-30;172;-97;75;8;3;83;-;97;405;67;1,497;48;-;-;104;426;866;46;-35;50.85;2006-08-04
2006-09-30;178;-100;79;12;6;82;-;100;418;64;1,514;41;-;-;107;454;895;46;-31;50.85;2006-10-25
2006-12-31;176;-98;78;11;8;88;-;113;413;66;1,516;55;-;-;127;466;914;51;-26;50.85;2007-02-14
2007-03-31;173;-100;73;11;13;82;-;108;414;63;1,504;35;-;-;104;501;913;24;-23;50.55;2007-04-25
2007-06-30;205;-116;89;6;12;100;-;125;433;70;1,592;45;-;-;124;476;928;48;-36;50.55;2007-08-04
2007-09-30;228;-130;98;12;13;126;-;159;608;137;1,977;52;-;-;148;804;1,322;53;-39;50.55;2007-10-25
2007-12-31;256;-155;102;6;13;116;-;145;619;145;1,978;67;-;-;171;805;1,347;77;-47;50.55;2008-02-14
2008-03-31;243;-146;97;10;17;110;-;145;621;136;1,966;55;-;-;140;841;1,344;43;-21;51.58;2008-04-25
2008-06-30;272;-165;107;18;14;126;-;161;630;136;2,001;58;-;46;192;838;1,393;55;-37;51.58;2008-08-04
2008-09-30;271;-163;109;16;13;130;-;163;628;127;1,992;66;-;44;209;844;1,401;69;-42;51.58;2008-10-25
2008-12-31;247;-147;99;11;10;89;-;115;508;99;1,589;44;-;32;140;687;1,123;49;-38;51.58;2009-02-14
2009-03-31;224;-131;93;10;10;102;-;129;616;112;1,875;46;-;37;171;729;1,222;49;-20;58.02;2009-04-25
2009-06-30;143;-84;59;9;11;112;-;141;622;110;1,944;54;-;-;155;655;1,149;76;-39;58.02;2009-08-04
2009-09-30;245;-142;102;17;8;112;-;138;587;99;1,865;51;-;-;161;605;1,126;40;-16;58.02;2009-10-25
2009-12-31;368;-214;154;16;5;112;-;136;630;101;1,998;63;-;-;180;655;1,212;92;-49;58.02;2010-02-14
2010-03-31;264;-151;113;17;7;117;-;147;646;114;2,054;53;-;-;165;705;1,257;44;-20;84.42;2010-04-25
2010-06-30;300;-175;125;20;8;131;-;158;640;109;2,033;60;-;-;186;657;1,236;81;-29;84.42;2010-08-04
2010-09-30;436;-259;177;24;7;209;-;248;1,086;301;3,243;87;-;1;270;1,122;1,863;48;-36;84.42;2010-10-25
2010-12-31;430;-255;175;22;13;207;-;250;1,082;272;3,39;100;-;2;303;1,258;1,744;121;-61;84.42;2011-02-14
2011-03-31;423;-247;176;23;12;198;-;251;1,095;268;3,394;81;-;2;263;1,286;1,745;55;-26;82.03;2011-04-25
2011-06-30;470;-280;190;37;13;242;-;295;1,141;274;3,506;110;-;2;295;1,336;1,835;93;-47;82.03;2011-08-04
2011-09-30;491;-295;196;40;17;224;-;271;1,12;273;3,432;109;-;2;288;1,315;1,804;133;-44;82.03;2011-10-25
2011-12-31;457;-273;184;-296;14;212;-;260;774;258;3,078;115;-;2;297;1,312;1,784;115;-61;82.03;2012-02-14
2012-03-31;438;-265;173;22;11;198;-;251;782;250;3,074;99;-;2;257;1,352;1,793;65;-52;87.98;2012-04-25
2012-06-30;475;-287;189;28;18;214;-;267;794;241;3,105;130;-;2;294;1,367;1,855;123;-50;87.98;2012-08-04
2012-09-30;487;-297;190;32;15;235;-;290;840;249;3,252;123;-;2;292;1,468;1,972;74;-71;87.98;2012-10-25
2012-12-31;496;-305;191;12;30;239;-;313;929;288;3,476;120;-;7;308;1,681;2,203;74;-77;87.98;2013-02-14
2013-03-31;487;-297;190;29;30;235;-;313;922;270;3,437;102;-;7;282;1,66;2,166;95;-63;89.68;2013-04-25
2013-06-30;517;-319;198;32;35;248;-;326;909;253;3,4;97;-;7;281;1,615;2,132;106;-63;89.68;2013-08-04
2013-09-30;521;-323;197;20;27;241;-;316;-;243;3,44;96;-;6;294;1,605;2,154;120;-91;89.68;2013-10-25
2013-12-31;502;-310;192;36;32;230;-;302;905;220;3,393;100;-;6;302;1,542;2,103;131;-60;89.68;2014-02-14
2014-03-31;470;-293;177;26;42;206;-;302;902;208;3,348;82;-;6;279;1,532;2,07;75;-44;90.13;2014-04-25
2014-06-30;514;-321;192;41;32;236;-;322;916;197;3,399;102;-;5;314;1,505;2,089;112;-74;90.13;2014-08-04
2014-09-30;521;-332;189;41;30;220;-;300;898;170;3,337;83;-;5;292;1,46;2,028;96;-58;90.13;2014-10-25
2014-12-31;505;-281;223;19;41;216;-;296;937;166;3,376;87;-;5;330;1,553;2,148;117;-63;90.13;2015-02-14
2015-03-31;460;-289;172;18;37;191;-;287;884;172;3,211;74;-;5;293;1,478;2,037;88;-61;89.91;2015-04-25
2015-06-30;493;-320;173;37;40;216;-;313;890;162;3,276;99;-;-;305;1,581;2,149;86;-76;89.91;2015-08-04
2015-09-30;489;-308;180;23;35;211;-;295;872;151;3,183;89;-;-;304;1,495;2,074;141;-68;89.91;2015-10-25
2015-12-31;484;-306;178;46;36;208;-;276;887;177;3,245;99;-;-;300;1,55;2,116;100;-53;89.91;2016-02-14
2016-03-31;515;-287;228;45;44;205;-;287;907;169;3,308;94;-;1;317;1,583;2,173;165;-57;231.08;2016-04-25
2016-06-30;728;-416;311;28;56;503;-;734;4,299;1,16;11,094;243;14;2;684;3,761;5,543;95;-55;231.08;2016-08-04
2016-09-30;1,085;-636;449;89;119;498;-;784;4,351;1,164;11,188;247;18;24;688;3,662;5,574;279;-93;231.08;2016-10-25
2016-12-31;1,049;-618;431;86;154;485;-;743;4,39;1,067;11,104;251;11;2;692;3,617;5,456;257;-140;231.08;2017-02-14
2017-03-31;1,091;-643;448;15;268;486;-;877;4,53;1,098;11,469;248;31;11;725;3,946;5,824;288;-91;264.3;2017-04-25
2017-06-30;1,176;-686;490;124;400;548;-;1,05;4,59;1,084;11,655;239;31;12;727;3,964;5,855;264;-111;264.3;2017-08-04
2017-09-30;1,207;-695;511;123;495;589;-;1,193;4,688;1,109;11,91;277;25;12;820;3,926;5,922;337;-115;264.3;2017-10-25
2017-12-31;1,157;-680;477;45;434;554;-;1,177;4,682;1,087;12,015;331;19;12;803;3,9;5,746;299;-162;264.3;2018-02-14
2018-03-31;1,14;-661;479;125;218;555;-;970;4,773;1,078;11,963;288;19;2;743;3,879;5,688;307;-91;264.4;2018-04-25
2018-06-30;1,24;-726;514;139;146;604;-;918;4,773;1,086;12,025;344;18;2;798;3,793;5,683;358;-110;264.4;2018-08-04
2018-09-30;1,281;-738;544;151;244;625;-;1,022;4,813;1,069;12,192;332;19;2;816;3,747;5,693;373;-172;264.4;2018-10-25
2018-12-31;1,262;-746;516;133;319;610;-;1,093;5,032;1,129;12,627;360;19;2;888;4,153;6,173;373;-173;264.4;2019-02-14
2019-03-31;1,245;-734;511;125;499;599;-;1,242;5,066;1,106;12,932;339;16;1;845;4,157;6,369;364;-114;264.53;2019-04-25
2019-06-30;1,37;-816;554;149;209;664;-;991;5,317;1,124;13,146;408;18;1;943;4,083;6,443;389;-140;264.53;2019-08-04
2019-09-30;1,412;-835;577;159;304;677;-;1,106;5,298;1,097;13,27;428;20;1;991;4,039;6,479;432;-211;264.53;2019-10-25
2019-12-31;1,362;-814;548;133;327;663;-;1,131;5,511;1,163;13,738;437;16;-;1,007;4,354;6,804;355;-201;264.53;2020-02-14
2020-03-31;1,352;-815;537;143;1,195;624;-;1,962;5,386;1,12;14,279;399;12;4;990;5,161;7,597;370;-138;263.69;2020-04-25
2020-06-30;1,306;-786;520;-228;791;609;-;1,506;5,488;1,152;13,594;367;15;8;1,039;4,695;7,102;384;-147;263.69;2020-08-04
2020-09-30;1,39;-829;561;158;859;617;-;1,592;5,535;1,127;13,849;404;15;7;1,135;4,68;7,188;432;-202;263.69;2020-10-25
2020-12-31;1,398;-847;551;131;617;630;-;1,408;5,727;1,155;13,992;291;17;8;1,029;4,709;7,133;223;-177;263.69;2021-02-14
2021-03-31;1,396;-826;570;160;743;609;-;1,504;5,754;1,126;14,043;280;-;105;1,106;4,614;7,105;400;-97;261.73;2021-04-25
2021-06-30;1,534;-901;633;177;727;650;-;1,506;5,819;1,103;14,106;326;17;7;1,092;4,763;7,242;448;-175;261.73;2021-08-04
2021-09-30;1,597;-946;651;115;339;692;-;1,16;6,007;1,265;14,275;341;17;5;1,145;4,869;7,396;421;-208;261.73;2021-10-25
2021-12-31;1,624;-981;643;166;147;710;-;1,033;6,188;1,351;14,7;393;17;6;1,233;5,041;7,711;428;-265;261.73;2022-02-14
2022-03-31;1,646;-990;657;180;391;728;-;1,413;6,428;1,389;15,414;423;17;28;1,258;5,818;8,66;441;-152;258.04;2022-05-05
2022-06-30;1,816;-1,088;729;224;218;798;-;1,258;6,458;1,4;15,416;497;17;6;1,338;5,634;8,551;533;-219;258.04;2022-08-04
2022-09-30;1,88;-1,121;759;237;200;811;-;1,23;6,575;1,489;16,131;508;11;7;1,379;6,212;9,192;526;-247;258.04;2022-11-14
2022-12-31;1,869;-1,138;731;194;79;834;-;1,118;6,902;1,674;17,135;639;16;7;1,513;6,89;10,026;522;-294;258.04;2023-02-14
2023-03-31;1,901;-1,147;754;198;134;815;-;1,134;6,941;1,697;17,227;526;-;11;1,383;6,922;9,993;442;-176;258.15;2023-04-25
2023-06-30;2,021;-1,197;824;209;92;855;-;1,112;6,992;1,66;17,36;539;-;11;1,463;6,674;9,905;574;-218;258.15;2023-08-04
2023-09-30;2,065;-1,205;860;229;96;868;-;1,152;7,313;1,619;17,731;605;-;33;1,576;6,796;10,145;554;-221;258.15;2023-10-25
2023-12-31;2,036;-1,196;840;127;78;857;-;1,142;7,404;1,604;17,916;642;-;26;1,688;6,718;10,223;556;-318;258.15;2024-02-14
2024-03-31;2,072;-1,221;851;230;112;896;-;1,217;7,597;1,877;19,082;589;-;16;1,631;7,795;11,291;490;-170;258.48;2024-04-22