date;revenue;cogs;gross_profit;net_profit;cash;acc_rec;inventory;curr_assets;goodwill;intangible_assets;total_assets;acc_pay;short_term_debt;current_debt;curr_liab;long_term_debt;total_liab;cash_from_operating_activities;capex;shares;real_date
2013-03-31;7,494;-5,605;1,889;240;975;648;2,057;8,528;-;1,583;21,233;3,35;1,33;972;5,761;6,188;15,445;-20;-143;127.80;2013-05-08
2013-06-30;7,792;-5,867;1,925;163;1,028;595;2,13;8,672;1,357;220;21,455;3,62;1,339;1,325;6,383;5,673;15,616;633;-213;127.80;2013-07-30
2013-10-01;10,377;-7,86;2,517;224;1,837;693;2,241;9,604;-;1,576;24,17;3,533;1,349;1,182;6,185;7,935;15,703;360;-291;127.80;2013-11-20
2013-12-31;7,919;-5,959;1,96;219;2,869;697;2,244;10,043;1,365;215;24,604;3,989;1,06;1,208;6,379;7,96;15,703;813;-341;127.80;2014-02-28
2014-03-31;7,612;-5,668;1,944;164;3,321;749;2,208;9,769;1,372;764;24,31;3,436;1,07;902;5,519;7,568;17,947;2;-130;127.79;2014-05-08
2014-06-30;10,598;-8,422;2,176;-456;1,452;1,152;4,428;10,829;3,734;10,062;37,277;4,829;1,415;74;6,597;13,086;22,897;1,013;-265;127.79;2014-07-30
2014-10-01;13,974;-10,214;3,76;130;1,304;1,333;4,611;11,116;3,742;9,874;37,163;4,865;1,413;295;6,89;12,813;22,897;746;-372;127.79;2014-11-20
2014-12-31;11,734;-8,423;3,311;296;1,333;1,318;4,463;11,092;3,756;9,786;37,146;4,934;1,263;645;7,165;12,306;22,897;1,09;-447;127.79;2015-02-28
2015-03-31;10,409;-7,421;2,988;246;1,393;1,376;4,554;11,191;3,782;9,658;37,189;4,817;1,31;670;7,112;11,311;22,872;517;-271;127.67;2015-05-08
2015-06-30;10,851;-7,79;3,061;154;1,592;1,33;4,495;11,512;3,778;9,523;37,35;5,086;1,296;1,234;7,919;11,318;22,872;1,034;-274;127.67;2015-07-30
2015-10-01;14,386;-10,41;3,976;248;1,605;1,309;4,64;11,764;3,818;9,362;37,634;5,085;1,349;1,344;8,223;11,025;22,872;1,132;-430;127.67;2015-11-20
2015-12-31;11,248;-8,046;3,202;182;1,413;1,478;4,517;11,874;4,254;9,292;38,22;5,381;1,229;1,348;8,427;10,928;22,872;684;-525;127.67;2016-02-28
2016-03-31;10,8;-7,64;3,16;145;1,711;1,342;4,363;11,317;3,832;9,181;37,011;4,968;1,187;1,034;7,657;11,31;23,156;840;-188;127.67;2016-05-08
2016-06-30;11,075;-7,89;3,185;227;1,564;1,212;4,34;11,197;4,249;9,079;37,248;4,973;1,3;653;7,453;11,334;23,156;777;-270;127.67;2016-07-30
2016-10-01;14,605;-10,435;4,17;487;1,863;1,224;4,552;11,634;3,849;8,943;37,333;5,101;1,298;651;7,661;11,328;23,156;1,167;-439;127.67;2016-11-20
2016-12-31;11,519;-8,143;3,376;231;1,56;1,284;4,559;11,774;4,364;8,9;37,946;5,356;1,356;400;7,831;11,385;23,156;976;-568;127.67;2017-02-28
2017-03-31;10,803;-7,577;3,226;242;1,324;1,217;4,347;10,918;4,363;8,748;36,97;4,445;1,305;203;6,699;11,653;23,786;384;-187;127.69;2017-05-08
2017-06-30;11,436;-8,052;3,384;365;1,526;1,143;4,392;11,415;4,379;8,662;37,411;4,979;1,476;581;7,595;11,253;23,786;916;-287;127.69;2017-07-30
2017-10-01;14,648;-10,332;4,316;904;1,838;1,197;4,576;11,635;4,375;8,497;37,535;5,014;1,496;1,027;8,041;10,75;23,786;912;-425;127.69;2017-11-20
2017-12-31;11,406;-7,875;3,531;81;2,034;1,324;4,623;12,463;4,377;8,368;38,54;5,451;1,368;1,635;9,539;10,457;23,786;1,213;-575;127.69;2018-02-28
2018-03-31;10,744;-7,428;3,316;378;1,575;1,267;4,598;12,739;4,384;8,279;38,646;4,899;1,339;3,092;10,213;10,326;29,61;458;-244;131.84;2018-05-08
2018-06-30;11,245;-7,683;3,562;78;1,487;1,203;4,558;11,579;4,773;8,204;43,481;5,203;1,478;2,623;10,06;12,918;29,61;601;-284;131.84;2018-07-30
2018-10-01;14,862;-10,27;4,592;130;1,853;1,205;4,836;12,017;4,775;8,057;43,784;5,428;1,608;2,375;10,198;13,204;29,61;1,205;-445;131.84;2018-11-20
2018-12-31;11,717;-7,997;3,72;412;1,521;1,309;5,001;11,855;4,781;7,958;43,814;5,762;1,635;1,343;9,604;13,975;29,61;455;-620;131.84;2019-02-28
2019-03-31;11,173;-7,618;3,555;-372;1,349;1,19;4,751;11,093;4,779;7,783;46,382;5,023;1,422;2,029;9,202;13,598;34,638;1,107;-236;153.54;2019-05-08
2019-06-30;11,603;-7,873;3,73;353;1,913;1,141;4,792;11,796;4,778;7,688;46,974;5,241;1,568;1,792;9,329;13,752;34,638;1,123;-297;153.54;2019-07-30
2019-10-01;15,226;-10,446;4,78;264;1,495;1,298;5,057;11,84;4,776;7,584;46,735;5,205;1,404;2,484;9,747;12,853;34,638;1,053;-482;153.54;2019-11-20
2019-12-31;12,107;-8,229;3,878;578;1,834;1,375;5,27;12,685;4,775;7,488;47,813;5,906;1,507;2,699;10,783;12,712;34,638;1,272;-543;153.54;2020-02-28
2020-03-31;12,333;-8,36;3,973;743;2,784;1,191;4,666;12,746;4,794;7,415;47,729;5,508;1,31;2,438;9,985;13,304;34,026;1,76;-266;153.41;2020-05-08
2020-06-30;12,357;-8,482;3,875;-172;2,861;1,253;4,873;12,996;4,784;7,285;47,678;5,501;1,398;2,134;9,791;13,678;34,335;1,008;-222;153.41;2020-07-30
2020-10-01;15,806;-10,982;4,824;484;2,436;1,193;5,554;13,155;4,78;7,145;47,834;5,751;1,443;1,786;9,802;13,653;34,342;1,179;-469;153.41;2020-11-20
2020-12-31;13,806;-9,493;4,313;513;2,581;1,192;5,385;13,254;4,772;7,032;48,075;6,011;1,421;1,723;9,959;13,519;34,66;1,574;-635;153.41;2021-02-28
2021-03-31;12,017;-8,134;3,883;118;2,827;1,057;5,404;12,936;4,77;6,921;47,538;5,545;1,352;2,043;9,702;13,175;34,342;911;-235;149.89;2021-05-08
2021-06-30;12,637;-8,528;4,109;361;2,795;1,038;5,246;13,401;4,769;6,812;47,946;5,969;1,157;2,767;10,849;12,419;34,878;1,707;-304;149.89;2021-07-30
2021-10-01;16,192;-11,012;5,18;513;2,013;901;5,214;14,371;4,479;6,532;47,095;5,723;715;2,687;10,549;12,228;34,195;1,339;-430;149.89;2021-11-20
2021-12-31;12,902;-8,694;4,208;755;2,984;1,01;5,166;14,222;4,479;6,43;47,083;5,919;502;2,262;9,773;12,49;33,946;1,15;-487;149.89;2022-02-28
2022-03-31;12,407;-8,266;4,141;615;2,828;1,002;5,288;14,885;4,482;6,305;47,157;5,91;650;2,666;10,127;12,054;33,991;780;-199;144.24;2022-05-08
2022-06-30;12,979;-8,697;4,282;874;2,281;1,217;5,36;13,541;4,853;6,766;47,229;6,087;523;2,043;9,788;12,965;34,039;1,095;-370;144.24;2022-07-30
2022-10-01;17,52;-11,923;5,597;1,185;2,188;1,261;5,763;14,229;4,848;6,627;48,318;6,371;616;2,246;10,395;13,244;34,603;1,578;-524;144.24;2022-11-20
2022-12-31;14,142;-9,599;4,543;135;2,313;1,273;5,855;14,653;4,853;6,527;48,958;6,725;708;2,218;10,757;13,401;35,778;1,424;-800;144.24;2023-02-28
2023-03-31;13,133;-8,788;4,345;652;1,874;1,32;5,735;14,032;4,859;6,406;48,568;6,209;625;2,107;9,991;13,629;35,143;914;-397;137.53;2023-05-08
2023-06-30;13,884;-9,312;4,572;782;1,97;1,294;5,582;14,539;4,865;6,287;48,978;6,246;668;2,445;10,465;13,67;35,465;1,324;-479;137.53;2023-07-30
2023-10-01;18,407;-12,534;5,873;944;1,767;1,328;5,897;14,641;4,883;6,136;48,991;6,669;672;3,244;11,684;12,667;35,296;2,1;-756;137.53;2023-11-20
2023-12-31;14,7;-9,833;4,867;247;2,451;1,377;5,829;14,936;4,879;6,009;49,77;6,879;863;3,235;12,072;12,641;36,307;1,513;-710;137.53;2024-02-28