date;revenue;cogs;gross_profit;net_profit;cash;acc_rec;inventory;curr_assets;goodwill;intangible_assets;total_assets;acc_pay;short_term_debt;current_debt;curr_liab;long_term_debt;total_liab;cash_from_operating_activities;capex;shares;real_date
2006-09-30;43;-26;16;4;-;65;-;66;114;43;233;-;1;-;43;-;123;6;-1;18.93;2006-11-09
2006-12-31;50;-32;18;4;8;69;-;78;116;42;249;27;-;-;51;7;139;9;-1;18.93;2007-03-01
2007-03-31;54;-33;21;5;9;82;-;93;121;45;273;-;23;-;83;-;163;2;-3;19.64;2007-05-10
2007-06-30;64;-39;25;4;3;88;-;93;122;43;272;-;-;-;58;24;164;4;-2;19.64;2007-08-09
2007-09-30;69;-42;26;7;10;103;-;115;125;44;300;-;-;-;59;-;153;6;-2;19.64;2007-11-09
2007-12-31;71;-42;29;9;13;103;-;117;127;46;306;-;-;-;63;-;160;20;-2;19.64;2008-02-29
2008-03-31;70;-40;30;8;16;113;-;131;142;66;362;-;-;2;83;33;215;7;-2;21.35;2008-05-10
2008-06-30;97;-57;40;11;15;125;-;142;142;66;377;-;-;1;82;43;226;8;-3;21.35;2008-08-09
2008-09-30;105;-61;44;14;20;154;-;176;146;72;421;-;65;1;152;1;267;9;-2;21.35;2008-11-09
2008-12-31;116;-68;48;10;15;162;-;178;141;79;427;-;-;2;122;11;246;14;-4;21.35;2009-03-01
2009-03-31;97;-55;42;11;16;164;-;182;140;85;439;-;-;-;111;30;256;13;-4;24.13;2009-05-10
2009-06-30;120;-70;50;13;11;178;-;192;145;84;454;-;-;-;105;46;269;1;-4;24.13;2009-08-09
2009-09-30;125;-73;52;14;13;203;-;218;148;86;485;-;-;-;98;78;296;3;-2;24.13;2009-11-09
2009-12-31;135;-81;54;13;52;195;-;251;149;100;533;-;-;0;116;6;256;36;-4;24.13;2010-03-01
2010-04-01;126;-74;52;-5;23;198;-;229;155;84;500;-;6;-;112;-;376;16;-5;18.10;2010-05-11
2010-07-01;144;-86;59;35;23;224;-;254;168;85;540;-;6;-;119;27;243;9;-3;18.10;2010-08-10
2010-10-01;156;-93;63;18;21;263;-;289;173;86;581;-;6;-;128;48;279;0;-2;18.10;2010-11-10
2010-12-31;155;-98;57;3;27;254;-;290;182;86;592;-;6;-;145;58;308;36;-3;18.10;2011-03-01
2011-04-01;149;-87;63;16;30;242;-;286;183;84;589;-;6;8;132;95;249;2;-2;26.23;2011-05-11
2011-07-01;158;-53;211;10;23;260;-;295;188;80;601;-;6;9;136;103;260;4;-2;26.23;2011-08-10
2011-10-01;173;-17;156;14;21;275;-;303;192;78;611;-;5;8;138;107;265;13;-2;26.23;2011-11-10
2011-12-31;172;-19;153;10;144;258;-;409;200;76;726;-;5;-;158;50;225;53;-6;26.23;2012-02-29
2012-03-31;164;-17;147;10;53;265;-;332;226;77;689;-;6;8;157;12;184;6;-2;40.31;2012-05-10
2012-06-30;181;-29;152;-3;34;274;-;329;228;72;719;-;5;8;170;44;229;3;-4;40.31;2012-08-09
2012-09-30;396;-52;344;16;62;714;-;796;694;128;1,77;-;5;2;477;227;871;-15;-5;40.31;2012-11-09
2012-12-31;517;-63;454;23;128;661;-;810;701;157;1,82;-;5;5;530;221;903;102;-9;40.31;2013-03-01
2013-03-31;479;-72;407;14;93;653;-;762;701;158;1,773;-;5;4;482;206;847;0;-7;51.84;2013-05-10
2013-06-30;516;-68;448;17;101;678;-;802;707;154;1,807;-;5;4;507;208;869;32;-7;51.84;2013-08-09
2013-09-30;491;-64;427;21;83;681;-;787;715;149;1,793;-;5;4;511;179;843;13;-4;51.84;2013-11-09
2013-12-31;530;-94;436;18;132;670;-;825;735;146;1,86;-;-;2;542;188;886;74;-11;51.84;2014-03-01
2014-03-31;511;-71;441;17;100;727;-;848;756;143;1,907;-;-;8;562;189;908;0;-7;64.02;2014-05-10
2014-06-30;603;-89;513;24;103;823;-;956;1,046;163;2,332;-;-;10;634;268;1,071;37;-9;64.02;2014-08-09
2014-09-30;631;-93;537;29;78;883;-;1,473;1,044;155;2,85;-;-;10;1,162;250;1,586;-5;-11;64.02;2014-11-09
2014-12-31;1,158;-299;859;-8;202;1,829;-;2,048;2,068;379;4,914;-;-;11;1,617;788;2,762;193;-19;64.02;2015-03-01
2015-03-31;1,404;-379;1,025;28;187;2,088;-;2,357;2,076;383;5,287;-;-;11;1,659;1,006;3,034;-149;-22;92.32;2015-05-10
2015-06-30;1,497;-408;1,089;96;236;2,159;-;2,474;2,055;368;5,335;-;-;10;1,78;860;2,993;97;-21;92.32;2015-08-09
2015-09-30;1,503;-378;1,125;51;218;2,297;-;2,605;2,224;374;5,661;-;-;10;1,787;683;2,848;38;-25;92.32;2015-11-09
2015-12-31;1,66;-412;1,248;14;204;2,359;-;2,592;2,734;407;6,167;-;-;143;2,052;847;3,251;218;-36;92.32;2016-02-29
2016-03-31;1,483;-321;1,162;28;208;2,229;-;2,467;2,659;376;5,924;-;-;138;1,908;862;3,104;27;-20;100.92;2016-05-10
2016-06-30;1,546;-330;1,216;52;218;2,251;-;2,486;2,614;377;5,9;-;-;135;1,874;891;3,113;46;-40;100.92;2016-08-09
2016-09-30;1,553;-363;1,19;63;178;2,314;-;2,516;2,634;362;5,953;-;-;136;1,82;915;3,125;11;-34;100.92;2016-11-09
2016-12-31;1,798;-471;1,328;56;231;2,239;-;2,506;2,784;356;6,129;-;-;136;1,927;914;3,269;304;-51;100.92;2017-03-01
2017-03-31;1,634;-358;1,276;48;232;2,261;-;2,525;2,783;341;6,116;-;-;137;1,922;935;3,215;23;-19;102.58;2017-05-10
2017-07-01;1,717;-401;1,316;63;222;2,288;-;2,546;2,777;323;6,124;-;-;133;1,813;984;3,2;3;-31;102.58;2017-08-10
2017-09-30;1,637;-351;1,286;73;181;2,377;-;2,591;2,769;314;6,139;-;-;133;1,821;991;3,222;39;-20;102.58;2017-11-09
2017-12-31;1,954;-476;1,479;30;185;2,46;-;2,67;2,979;355;6,524;-;-;276;2,254;882;3,565;330;-34;102.58;2018-03-01
2018-03-31;1,911;-441;1,47;50;193;2,618;-;2,831;3,068;348;6,776;-;-;280;2,32;947;3,698;61;-26;104.39;2018-05-10
2018-06-30;2,026;-485;1,541;68;153;2,634;-;2,809;3,05;330;6,71;-;-;282;2,229;964;3,604;10;-27;104.39;2018-08-09
2018-09-30;1,928;-459;1,469;88;174;2,537;-;2,73;3;305;6,554;-;-;271;2,268;780;3,445;261;-24;104.39;2018-11-09
2018-12-31;2,044;-503;1,541;43;255;2,974;-;3,242;3,493;368;7,767;-;-;42;2,614;1,461;4,508;337;-49;104.39;2019-03-01
2019-03-31;2,174;-510;1,663;62;220;2,883;-;3,116;3,436;342;8,577;-;-;197;2,505;1,534;5,338;28;-27;105.61;2019-05-10
2019-06-30;2,312;-543;1,769;89;253;3,039;-;3,31;3,428;318;8,697;-;-;204;2,622;1,596;5,46;97;-20;105.61;2019-08-09
2019-09-30;2,222;-528;1,694;94;215;2,965;-;3,193;3,448;297;8,508;-;-;238;2,564;1,476;5,226;265;-26;105.61;2019-11-09
2019-12-31;2,209;-449;1,761;41;256;2,764;-;3,257;3,569;355;8,676;-;-;520;3,036;1,092;5,345;425;-77;105.61;2020-02-29
2020-03-31;2,21;-474;1,736;14;903;3,018;-;4,153;3,729;350;9,788;-;-;547;3,159;1,965;6,363;3;-23;110.26;2020-05-10
2020-06-30;2,208;-461;1,747;88;712;2,819;-;3,792;3,715;315;9,397;-;-;548;3,267;868;5,39;507;-25;110.26;2020-08-09
2020-09-30;2,138;-450;1,688;105;595;2,754;-;3,578;3,671;291;9,109;-;-;530;3,206;610;5,043;233;-14;110.26;2020-11-09
2020-12-31;2,248;-560;1,688;70;437;2,549;-;3,301;3,732;276;8,837;-;-;530;3,19;277;4,757;382;-31;110.26;2021-03-01
2021-03-31;2,105;-438;1,667;88;440;2,611;-;3,649;3,712;313;9,116;-;-;533;3,512;314;5,016;163;-17;116.90;2021-05-10
2021-06-30;2,633;-604;2,029;120;529;3,062;-;3,904;4,752;504;10,823;-;-;325;3,304;1,722;6,41;147;-24;116.90;2021-08-09
2021-09-30;2,65;-624;2,027;139;638;3,2;-;4,129;4,817;463;11,064;-;-;311;3,362;1,735;6,459;236;-19;116.90;2021-11-09
2021-12-31;2,891;-744;2,147;127;927;3,073;-;4,341;4,762;550;11,25;-;-;552;3,792;1,479;6,586;513;-62;116.90;2022-03-01
2022-04-01;2,712;-612;2,1;96;691;3,228;-;4,268;4,708;515;11,119;-;-;580;3,633;1,452;6,399;-83;-21;120.71;2022-05-11
2022-07-01;2,764;-655;2,11;90;624;3,379;-;4,329;4,712;483;11,162;-;-;566;3,672;1,483;6,419;125;-30;120.71;2022-08-10
2022-10-01;2,896;-702;2,194;129;445;4,123;-;4,876;6,828;968;14,466;-;-;768;4,436;2,833;8,658;165;-42;120.71;2022-11-10
2022-12-31;3,561;-1,007;2,554;120;496;4,252;-;5,034;6,792;1,103;14,842;-;-;446;4,615;2,781;8,836;607;-74;120.71;2023-03-01
2023-04-01;3,49;-822;2,667;113;322;4,27;-;4,96;6,876;1,141;14,922;-;7;500;4,412;3,028;8,84;-25;-22;124.95;2023-05-11
2023-07-01;3,626;-887;2,739;151;304;4,465;-;5,122;7,123;1,115;15,333;-;61;767;4,67;3,114;9,213;85;-49;124.95;2023-08-10
2023-09-30;3,597;-863;2,735;157;290;4,616;-;5,233;7,217;1,098;15,529;-;45;901;4,821;3,028;9,257;150;-39;124.95;2023-11-09
2023-12-31;3,724;-968;2,756;131;378;4,638;-;5,417;7,156;1,104;15,583;-;16;446;4,711;3,058;9,254;777;-70;124.95;2024-02-29